1743 2844
473 349 776 382 EPIGRAMM4
786 349 845 380 TA
876 348 1109 379 SELECTA.
1370 345 1417 390 69

165 454 264 492 Ante
295 455 352 492 vel
382 455 487 492 istius
516 453 650 492 mundi
680 465 868 503 compage
899 451 1034 498 soluta,

221 520 363 558 Omnia
393 521 431 557 in
461 521 659 569 antiquum
690 519 764 556 sint
793 519 934 555 ruitura
964 517 1106 555 Chaos

168 585 273 631 Quin
303 586 406 631 mihi,
437 597 557 635 quum
586 584 768 621 Lachesis
799 596 972 621 summos
1002 584 1212 632 perneverit
1242 595 1377 628 annos,

220 650 362 689 Nostra
391 663 530 689 sonum
559 649 719 687 referent
749 649 916 687 nominis
945 661 1034 687 ossa
1063 649 1126 686 tui.

743 814 858 845 XVII.

505 926 574 967 JOI
583 926 721 957 {ANNI
758 925 1088 957 COSTECANDO.

173 1023 222 1062 Ni
252 1029 436 1074 quantum
466 1029 555 1072 pote
586 1024 789 1073 quisquam
819 1035 946 1060 amare
976 1034 1208 1072 quenquam,

174 1089 345 1127 Tantum
375 1095 410 1125 te
439 1088 521 1137 ipse
551 1100 651 1134 amo,
683 1087 940 1129 Costecande,
971 1088 1010 1125 ni
1039 1094 1076 1125 te

175 1155 322 1193 Totum
352 1166 431 1191 non
460 1153 580 1191 oeulis
610 1153 690 1191 fero
717 1154 798 1203 jam
827 1154 867 1190 in
896 1154 1000 1203 ipsis,

175 1221 319 1258 Verum
349 1220 388 1256 in
416 1226 572 1269 pectore
602 1226 639 1256 et
668 1219 813 1257 intimis
842 1219 1048 1257 meduHis:

177 1286 415 1335 Contingant
443 1285 535 1322 mihi
566 1292 713 1331 cuncta,
745 1298 843 1335 quae
872 1286 1063 1330 timentur,

176 1353 226 1389 Et
254 1352 374 1389 multo
403 1352 584 1401 graviora,
616 1364 732 1400 quam
762 1352 950 1397 timentur,

180 1417 310 1455 Tanto
340 1424 379 1454 ut
410 1417 481 1454 sim
511 1417 593 1466 ipse
622 1417 854 1454 miserrimus
883 1417 1084 1462 malorum,

179 1483 338 1529 Quanto
368 1489 407 1520 tu
436 1494 535 1520 unus
565 1494 606 1520 es
635 1482 804 1532 optimus
833 1483 1039 1520 bonorum.

740 1647 875 1679 XVIII.

631 1757 682 1788 IN
720 1757 987 1790 PONTICUM.

184 1856 364 1894 Ponticus
393 1854 575 1892 eximium
606 1853 697 1890 dum
728 1866 812 1891 sese
842 1855 894 1891 ait
923 1866 1007 1892 esse
1036 1861 1203 1904 poetam,

240 1921 330 1959 Hoc
360 1921 443 1958 solo
473 1919 546 1957 dici
571 1920 655 1969 jure
684 1927 802 1969 poeta
830 1926 968 1968 potest.

762 2083 860 2114 XIX.

714 2189 922 2221 CUIDAM.

191 2282 278 2320 Hos
307 2282 373 2319 tibi
403 2281 494 2330 quid
520 2282 624 2331 juras
654 2280 774 2319 factos
804 2292 850 2318 ex
880 2287 1054 2329 tempore
1084 2281 1243 2319 versus?

243 2348 400 2397 Pagina,
431 2347 461 2385 si
490 2353 629 2393 taceas,
660 2347 698 2384 id
728 2347 817 2384 satis
847 2346 930 2396 ipsa
959 2347 1106 2396 probat.
