1743 2844
255 295 303 329 86
659 300 828 332 POEMA
838 301 897 332 TA
935 301 1095 332 VARIA.

833 422 917 453 VII.

666 515 846 547 STELLA
881 514 1101 546 VENERIS.

254 593 450 630 Aetherias
480 604 616 630 omnes
647 593 750 630 ducit
779 593 912 631 Venus
941 594 1025 642 ipsa
1051 593 1233 631 choreas:

308 658 436 696 Testis
466 658 632 695 sidereae
660 665 741 695 tota
770 670 913 695 corona
942 658 1062 696 deae:

255 724 315 761 Sic
345 723 470 761 stellas
500 724 595 761 inter
623 723 772 772 fulgens
802 723 991 773 Cytherea
1019 736 1208 769 coruscas,

308 789 524 826 Praeradiat
553 788 658 826 stella
689 790 799 838 signa
827 790 977 826 minora
1005 788 1085 826 sua.

1325 853 1377 892 R.
1390 854 1440 892 B.
1452 854 1505 891 K.

832 946 936 977 vm.

316 1035 473 1066 VENUS
510 1035 571 1065 ET
607 1034 709 1065 CUM
747 1034 968 1065 PALLADE
1002 1035 1140 1075 JUNO·
1210 1035 1447 1075 JUDICIUM

778 1112 988 1146 PARIDIS.

198 1212 202 1217 -
256 1187 431 1235 Tempus
460 1192 548 1232 erat,
579 1184 695 1222 vitrea
724 1197 801 1234 quo
832 1186 995 1234 primum
1026 1192 1123 1222 terra
1152 1185 1288 1235 pruina

311 1251 517 1300 Spargitur,
549 1257 586 1288 et
613 1257 735 1288 tactae
764 1263 848 1288 rore
878 1257 1086 1300 queruntur
1116 1263 1203 1288 aves
1219 1265 1230 1298 3

256 1317 466 1354 Priamides
494 1317 652 1366 vigilans
681 1317 720 1353 in
749 1328 917 1365 aquosae
947 1317 1104 1354 vallibus
1134 1316 1226 1354 Idae

309 1383 407 1421 Tres
437 1382 526 1419 vidit
556 1381 689 1426 nudas,
720 1382 1002 1431 obstupuitque,
1034 1382 1148 1419 deas:

258 1448 405 1486 Scilicet
433 1455 474 1484 ut
503 1448 628 1485 Paridi
656 1447 790 1485 Venus
820 1453 856 1485 et
885 1460 972 1484 cum
1002 1447 1155 1485 Pallade
1183 1446 1285 1497 Juno

311 1514 445 1550 Scissis
475 1526 515 1550 se
545 1513 684 1549 nimbis
714 1512 918 1550 exhibuere
948 1512 1068 1549 simul.

258 1580 318 1616 sic
347 1579 488 1616 etenim
518 1578 719 1628 perhibent
749 1578 928 1616 coelestia
957 1579 1114 1615 numina
1144 1578 1304 1616 formam

309 1644 459 1694 Judicio
489 1643 635 1681 Paridis
665 1644 912 1693 supposuisse
942 1655 1070 1680 suam:

257 1711 318 1748 Sic
348 1710 481 1747 Venus
510 1709 603 1758 ipsa,
633 1709 759 1746 oriens
788 1709 911 1754 undis,
943 1721 981 1746 se
1013 1707 1229 1746 ostenderat
1258 1709 1370 1755 olim;

310 1775 393 1812 Nec
424 1775 543 1812 fuerat
571 1774 715 1811 nudam
745 1786 871 1822 poena
900 1774 1024 1810 videre
1054 1774 1189 1810 deam:

256 1842 360 1878 Vidit
389 1848 426 1878 et
454 1840 650 1888 obstupuit
680 1839 887 1876 certamina
914 1845 1020 1876 tanta
1050 1839 1217 1884 dearum,

311 1906 422 1952 Quae
452 1905 614 1955 pretium
644 1904 790 1941 formae
820 1904 950 1940 tollere
981 1904 1097 1952 digna
1126 1903 1248 1941 foret:

258 1974 424 2021 Spectat,
454 1977 491 2008 et
519 1970 667 2007 erubuit
695 1969 788 2006 tales
817 1976 1010 2018 spectasse
1039 1969 1208 2018 lepores;

310 2037 504 2085 Laetaque
533 2034 723 2085 purpurea
752 2035 836 2071 luce
866 2034 1007 2071 refulsit
1038 2034 1189 2071 humus.

257 2104 431 2140 Incertus
458 2102 646 2151 vigiletne,
676 2112 725 2137 an
755 2101 881 2137 somni
909 2100 1013 2137 ludat
1042 2100 1183 2148 imago,

312 2168 460 2204 Tantas
489 2179 530 2204 se
559 2167 641 2203 lites
670 2177 823 2203 cernere
854 2177 968 2215 posse
998 2172 1123 2214 negat.

261 2233 488 2282 Obstupuit:
519 2231 732 2280 tollensque
753 2243 902 2277 manus,
925 2230 1192 2279 “Ignoscite,”
1223 2229 1326 2276 dixit,

317 2298 431 2335 “Res
462 2302 518 2335 est
548 2297 698 2334 arbitrio
729 2308 809 2334 non
838 2296 1049 2334 dirimenda
1078 2295 1201 2333 meo.''
