1789 2875
559 345 720 377 CANTA
730 344 793 374 TE
822 343 1028 374 DOMINO.
1378 350 1389 373 1
1405 349 1417 373 1

382 451 466 488 Nec
496 451 527 488 si
556 461 624 499 per
653 448 820 496 trepidas
850 446 1013 484 luctifica
1042 458 1161 483 manu

382 517 550 553 Intentet
577 514 752 551 tenebras
782 511 890 549 Mors
920 511 1011 548 milri
1040 511 1204 555 vulnera,

379 579 599 620 Formidem
629 579 727 616 duce
755 585 791 615 te
820 589 999 627 pergere;
1040 589 1101 613 me
1131 577 1233 626 pedo

490 645 675 683 Securum
704 643 819 681 facies
849 649 926 680 tuo.

383 734 447 771 Tu
475 745 629 771 mensas
658 731 778 781 epulis
808 730 1039 775 accumulas,
1068 742 1217 767 merum

384 799 447 836 Tu
478 799 601 848 plenis
630 797 769 847 pateris
799 796 952 841 sufficis,
982 802 1018 833 et
1047 801 1161 844 caput

381 864 592 914 Unguento
623 863 830 901 exhilaras:
861 861 1016 899 conficit
1045 861 1228 905 aemulos,

485 928 590 965 Dum
620 933 805 978 spectant,
835 926 945 964 dolor
973 926 1118 963 anxius.

382 1015 449 1054 Me
478 1027 677 1065 nunquam
705 1015 857 1052 bonitas
887 1014 1064 1052 destituet
1093 1022 1169 1059 tua,

381 1081 641 1130 Profususque
670 1081 782 1118 bonis
812 1087 998 1129 perpetuo
1028 1080 1161 1125 favor;

380 1147 430 1185 Et
459 1159 538 1185 non
568 1146 747 1184 sollicitae
776 1146 893 1195 longa
922 1147 1028 1184 domi
1057 1153 1143 1183 tuae

489 1213 600 1250 Vitae
629 1220 806 1262 tempora
834 1213 1054 1262 transigam.

1100 1277 1366 1314 Buchananus.

638 1410 766 1441 I'SAL.
797 1410 948 1440 XXVII.

168 1501 280 1539 Clara
308 1514 417 1539 meae
447 1501 537 1551 Ipse
566 1500 673 1538 Deus
702 1500 927 1550 praepandit
956 1500 1100 1537 lumina
1128 1501 1259 1545 menti,

221 1567 311 1616 Ipse
340 1566 432 1603 mihi
461 1566 568 1603 Deus
599 1571 655 1603 est
684 1573 786 1602 certa
815 1566 970 1603 suborta
1001 1565 1112 1603 salus.

167 1632 295 1679 Quem
325 1632 521 1669 metuam?
559 1631 674 1668 vitam
704 1632 815 1668 ecce!
856 1642 983 1668 meam
1012 1630 1119 1668 Deus
1149 1631 1231 1680 ipse
1262 1638 1394 1669 tuetur.

221 1696 298 1735 Cur
326 1708 497 1746 paveam,
528 1695 650 1733 varios
678 1696 971 1745 concipiamque
999 1698 1153 1734 metus?

168 1762 300 1808 Quum
329 1761 408 1798 fera
434 1773 498 1798 me
526 1760 624 1799 vallo
654 1761 822 1798 cinctum
851 1761 1031 1810 propiore
1060 1768 1216 1808 teneret,

223 1828 272 1865 Et
300 1827 439 1865 fureret
467 1839 601 1864 carnes
630 1828 740 1864 turba
767 1839 900 1864 vorare
930 1840 1062 1865 meas:

168 1893 337 1943 Ipsemet
367 1893 536 1941 impegit,
567 1893 631 1940 qui
661 1905 722 1930 me
752 1904 874 1942 prope
903 1900 1057 1942 ceperat
1086 1893 1218 1939 hostis,

222 1958 311 2007 Ipse
341 1958 482 1996 cadens
510 1964 617 1995 vasto
647 1969 807 2006 corpore
837 1959 974 2007 pressit
1003 1959 1173 1995 humum.

167 2023 272 2073 Ergo
301 2023 454 2060 inimica
482 2034 619 2060 necem
647 2022 739 2060 mihi
766 2024 846 2073 jam
875 2024 905 2061 si
934 2030 1057 2062 castra
1085 2024 1287 2070 minentur,

222 2088 359 2125 Nullus
389 2089 467 2133 erit,
498 2087 623 2136 pulset
651 2088 715 2136 qui
745 2100 832 2125 mea
861 2089 988 2133 corda,
1020 2101 1148 2138 pavor.

167 2153 312 2192 Praelia
342 2154 373 2190 si
401 2153 620 2201 ingruerint,
650 2165 785 2202 expers
815 2155 965 2191 terroris
993 2155 1117 2201 abibo,

223 2218 299 2268 Spe
330 2219 452 2256 fidens
481 2216 556 2255 uns]⁴
583 2218 849 2268 praesidioque
879 2218 961 2257 Dei.

169 2283 302 2322 Unum
331 2283 492 2320 concedi
521 2283 611 2332 petii
640 2283 733 2319 mihi
764 2296 903 2321 munus
933 2286 981 2322 ab
1010 2286 1108 2334 ipso,

223 2349 346 2400 quue
375 2360 494 2386 unum
523 2349 682 2386 summis
710 2360 830 2399 usque
859 2356 988 2400 petam
1018 2351 1207 2400 precibus,
