1743 2844
509 315 877 347 EPIGRAMMATA
908 314 1138 346 SELECTA.
1401 311 1446 356 67

781 489 864 519 XII.

238 604 328 635 PRO
366 605 555 636 CAROLO
592 604 944 636 MONTAUSERIO
980 604 1047 634 ΑΙ)
1084 603 1414 635 MARGARITAM

556 682 778 713 RRGINAM
814 682 1091 713 NAVARRAE.

199 782 312 820 Mens
341 784 459 832 regni,
490 796 602 821 sexus
631 784 774 828 lumen,
806 790 939 832 stupor
968 783 1082 829 orbis,
1113 783 1151 819 in
1181 794 1260 820 uno

250 848 412 886 Munera
441 861 538 899 quae
568 848 697 887 divfim
727 861 886 898 corpore
917 855 1055 886 cuncta
1083 855 1204 893 tenes,

193 914 427 964 Conspicere
456 915 495 952 in
525 927 600 964 qua
627 913 705 952 unfi
733 921 878 952 veteres
906 914 993 951 licet
1022 913 1214 959 heminas,

248 979 296 1016 Et
325 979 509 1030 quidquid
538 980 652 1017 veteri
682 979 804 1017 laudis
833 980 873 1016 in
902 980 995 1017 orbe
1026 978 1121 1016 fuit:

193 1044 381 1083 Delicium
412 1046 519 1092 coeli,
549 1052 667 1083 terrae
698 1045 828 1091 decus,
859 1045 1003 1094 accipe,
1034 1056 1131 1094 quae
1162 1056 1203 1082 se

247 1111 466 1148 Advolvunt
494 1111 656 1161 pedibus
686 1102 1007 1160 carmina'pauca
1035 1111 1120 1148 tuis.

192 1175 294 1214 Nam
324 1177 497 1226 quamvis
526 1178 593 1215 tibi
622 1177 725 1215 nulla
755 1177 846 1222 dari,
876 1177 949 1213 nisi
978 1188 1131 1225 magna,
1163 1176 1346 1221 decebat;

246 1242 363 1280 Parva
392 1251 520 1281 tamen
549 1243 646 1281 laet&
675 1255 824 1280 sumere
853 1242 978 1280 fronte
1009 1242 1122 1279 soles.

195 1308 264 1345 Illa
294 1309 359 1346 tibi
389 1322 477 1347 eum
507 1309 566 1347 dis
596 1309 826 1354 communis,
856 1316 897 1345 ut
925 1309 1068 1353 omnia,
1098 1308 1227 1354 virtus,

246 1378 320 1416 Vili
350 1381 463 1417 etiam
492 1381 646 1429 placant
675 1391 774 1429 quos
803 1379 890 1416 data
919 1379 1029 1416 thura
1057 1391 1185 1416 manu.

190 1445 284 1483 Fors
314 1446 404 1484 olim
433 1447 580 1496 majora
608 1447 686 1491 tibi,
717 1453 753 1483 et
781 1446 939 1483 meliora
968 1444 1117 1491 dicabo,

247 1512 284 1550 Si
314 1513 434 1550 modo
464 1525 526 1551 me
557 1511 678 1558 solita,
709 1512 805 1558 diva,
836 1511 980 1549 fovebis
1011 1523 1096 1560 ope.

190 1578 249 1615 Te
279 1579 359 1616 sine
388 1578 452 1625 nil,
483 1579 549 1616 sed
578 1578 696 1615 multa
724 1584 792 1615 tuo
822 1589 910 1615 cum
940 1577 1096 1614 numine
1126 1588 1307 1625 possum:

245 1643 385 1681 Nititur
415 1644 554 1681 auxilio
585 1655 674 1693 spes
704 1643 798 1680 mihi
825 1649 905 1680 tota
933 1649 1011 1680 tuo.

188 1709 276 1758 Ipse
305 1709 462 1759 quidem
490 1721 647 1759 prorsus
677 1709 769 1746 nihil
796 1708 871 1746 hoc
902 1720 987 1746 sum
1017 1714 1212 1756 tempore:
1253 1706 1321 1744 sed
1350 1713 1389 1743 tu

242 1775 302 1813 Ex
332 1775 451 1813 nihilo
480 1787 542 1812 me
573 1775 715 1825 aliquid
743 1774 915 1820 reddere,
946 1774 1043 1820 diva,
1073 1779 1195 1823 potes.

761 1957 866 1988 XIII.

273 2074 324 2104 IN
362 2072 583 2105 INSIGNIA
618 2073 779 2105 LUCAE
815 2070 1090 2104 SEMBRONIS
1127 2071 1347 2103 STELLAM

527 2151 789 2182 VIDELICET
826 2150 928 2182 CUM
965 2150 1100 2181 ROSA.

183 2251 278 2291 Esse
307 2264 413 2291 rosas
443 2252 540 2291 coeli
569 2253 704 2290 merito
735 2252 820 2302 quis
850 2252 985 2290 dixerit
1014 2257 1138 2289 astra:

235 2318 350 2356 Astra
379 2318 445 2357 sed
474 2326 510 2357 et
539 2324 659 2357 terrae
689 2318 823 2356 dixerit
851 2330 933 2356 esse
962 2329 1083 2355 rosas.

775 2396 797 2421 F
822 2396 842 2420 2
