1743 2844
264 318 316 356 90
672 311 843 343 POEMA
852 312 912 343 TA
948 311 1110 343 VARIA.

267 414 379 461 Quae
407 415 474 451 tibi
502 421 581 452 tam
610 415 734 453 tenuis
764 416 875 453 limae
905 415 1053 453 solertia
1082 415 1182 460 rasit,

319 479 448 526 Quam
477 481 583 529 quod
612 481 818 518 Praxiteles
846 493 975 530 ungue
1004 480 1133 529 polivit
1162 481 1266 517 ebur.

264 546 355 595 Ipse
385 558 496 583 suum
525 547 674 583 titulum
703 546 819 583 nimia
848 547 950 583 liber·
970 552 1048 583 arte
1077 545 1225 591 refutat,

320 611 574 660 Auctorisque
605 624 728 649 annos
756 611 942 648 inficiatur
970 623 1080 660 opus.

265 676 328 713 Tu
357 677 442 714 licet
472 677 646 723 affirmes,
676 677 762 714 licet
791 677 921 713 omnia
950 678 1108 713 numina
1133 677 1249 726 jures,

319 742 464 780 Contra
492 750 527 780 te
559 742 647 780 facit
676 755 745 789 ars,
776 743 1048 792 ingeniumque
1077 750 1196 782 tuum.

264 808 388 845 Deme
416 809 527 857 igitur
556 808 704 844 titulum
733 808 838 854 libro,
869 809 926 845 vel
956 809 1068 845 deme
1098 809 1283 846 nitorem:

322 875 497 911 Aetatem
527 874 668 912 nitidus
698 874 810 911 debet
839 874 978 911 habere
1007 874 1110 911 liber.

1283 939 1468 977 Auratus.

838 1049 942 1080 XIII.

267 1150 329 1180 DE
366 1149 593 1189 CAESARE,
625 1149 875 1180 TRAGEDIA
912 1150 1117 1189 MURETI,
1145 1150 1196 1180 IN
1234 1149 1334 1190 QUA
1370 1148 1520 1179 BRUTI

596 1227 782 1258 PRIMAE
819 1228 948 1259 SUNT
989 1227 1186 1259 PARTES.

264 1313 421 1360 Quanta
449 1312 488 1348 in
517 1312 753 1361 magnanimi
783 1311 957 1349 consedit
985 1318 1140 1360 pectore
1170 1311 1286 1357 Bruti,

318 1375 391 1412 Pro
421 1373 541 1424 patria
570 1375 684 1411 virtus
713 1386 832 1423 quum
862 1375 926 1423 pia
953 1374 1028 1411 tela
1057 1375 1161 1411 daret
1176 1387 1186 1420 ;

265 1440 393 1478 Tanta
422 1440 561 1486 animo,
593 1439 753 1485 Murete,
784 1446 849 1477 tuo
880 1452 963 1477 sese
993 1441 1123 1486 intulit,
1155 1452 1220 1477 ore

319 1506 515 1554 Altiloquo
546 1505 650 1542 Bruti
681 1506 772 1542 dum
801 1506 864 1554 pia
894 1505 992 1544 facta
1022 1507 1137 1543 canis.

262 1572 380 1620 Ergo,
409 1571 495 1608 licet
525 1571 633 1608 claris
660 1583 745 1608 raro
776 1583 854 1608 non
884 1571 1009 1608 invida
1038 1572 1183 1620 coeptis

317 1637 488 1673 Fortuna
515 1635 694 1673 Emathio
724 1637 901 1685 sparserit
931 1649 1021 1674 ossa
1049 1637 1142 1681 solo,

263 1700 329 1737 Ille
358 1699 494 1736 iterum
524 1699 639 1747 surgit
668 1711 736 1747 per
765 1706 801 1736 te
830 1706 917 1748 post
946 1699 1079 1736 funera
1111 1700 1246 1749 major,

318 1762 464 1799 Crescit
493 1768 530 1798 et
558 1762 715 1810 ingenio
745 1761 826 1798 laus
855 1762 1019 1798 rediviva
1047 1768 1138 1807 tuo;

266 1825 315 1861 Et
341 1824 464 1873 magis
493 1823 622 1861 illustri
652 1824 792 1872 gaudet
822 1823 999 1861 decorata
1026 1830 1197 1873 tropaeo,

320 1887 448 1934 Quam
479 1887 509 1924 si
539 1887 784 1936 Pyramidum
814 1893 994 1936 contegat
1023 1899 1113 1924 ossa
1139 1887 1259 1924 labor.

1197 1948 1462 1986 Buchananus.

837 2063 935 2094 XIV.

511 2164 838 2196 CHORUS—EX
872 2165 1012 2206 JUL1O
1048 2164 1274 2196 CAESARE.

427 2249 517 2287 Sors
547 2261 671 2286 rerum
701 2248 857 2286 domina
885 2249 1059 2286 omnium

426 2315 518 2352 Non
547 2326 710 2363 usquam
740 2314 863 2353 stabili
891 2315 966 2352 fixa
994 2321 1124 2351 manet
1153 2314 1262 2363 pede,
