1743 2844
264 283 335 316 124
670 277 907 308 POEMATA
945 276 1103 307 VARJA.

783 409 986 439 XXXVIII.

282 497 332 527 IN
360 497 549 529 OBITUM
576 498 839 529 PRAESULIS
865 495 1236 535 WINTONIENSIS,
1263 496 1356 527 A.D.
1393 491 1488 526 1626.

258 576 434 614 Moestus
464 589 579 622 eram,
610 584 646 614 et
675 577 821 623 tacitus,
852 576 955 614 nullo
986 577 1207 620 comitante,
1237 574 1443 619 sedebam3

310 642 610 691 Haerebantque
641 642 769 678 animo
800 641 918 678 tristia
946 641 1055 690 plura
1084 653 1195 678 meo:

256 707 433 745 Protinus
463 709 533 744 en!
564 707 676 744 subiit
705 707 878 743 funestae
908 706 1026 743 cladis
1054 706 1195 754 imago,

309 773 416 811 Fecit
444 775 483 810 in
513 773 701 822 Angliaco
732 785 849 821 quarn
878 771 1046 809 Libitina
1075 772 1158 808 solo
1178 785 1189 817 3

255 838 360 875 Dum
387 851 590 888 procerum
617 840 790 887 ingressa
816 844 873 875 est
899 837 1145 886 splendentes
1170 848 1359 873 marmore
1391 843 1510 873 turres

307 904 400 942 Dira
429 904 656 953 sepulchrali
687 903 795 940 Mors
825 903 1033 940 metuenda
1063 902 1172 947 face;

253 969 494 1019 Pulsavitque
524 982 617 1006 auro
647 968 825 1018 gravidos
855 975 890 1005 et
916 968 1067 1017 jaspide
1097 979 1240 1012 muros,

309 1035 392 1073 Nec
422 1037 555 1072 metuit
585 1041 781 1084 satrapum
811 1040 978 1071 sternere
1008 1033 1104 1071 falce
1134 1044 1281 1082 greges.

252 1166 302 1203 At
332 1173 368 1203 te
398 1166 603 1215 praecipue
631 1165 720 1210 luxi,
751 1164 975 1213 dignissime
1006 1164 1171 1209 Praesul,

305 1230 600 1280 Wintoniaeque
630 1230 723 1267 olim
752 1229 872 1278 gloria
900 1241 1043 1277 magna
1072 1235 1170 1266 tuae.

250 1296 399 1334 Delicui
428 1296 529 1341 fletu,
560 1303 597 1333 et
624 1295 719 1332 tristi
749 1295 802 1332 sic
832 1306 898 1331 ore
928 1294 1113 1343 querebar
1131 1305 1198 1328 :—

304 1365 324 1381 “
347 1362 455 1400 Mors
484 1362 574 1407 fera,
606 1361 792 1398 Tartareo
824 1361 909 1397 diva
938 1359 1109 1397 secunda
1136 1358 1233 1409 Jovi,

250 1427 393 1465 Nonne
423 1428 513 1465 satis
543 1427 649 1476 quod
679 1426 783 1476 sylva
811 1433 894 1463 tuas
925 1426 1133 1475 persentiat
1162 1426 1247 1471 iras,

302 1493 351 1530 Et
380 1493 486 1542 quod
515 1493 553 1529 in
583 1493 770 1529 herbosos
796 1493 858 1541 jus
887 1492 954 1528 tibi
985 1491 1094 1528 detur
1123 1491 1262 1540 agros?

247 1558 443 1607 Quodque
473 1558 598 1595 afflata
626 1564 693 1595 tuo
723 1563 961 1594 marcescant
990 1557 1066 1593 lilia
1095 1558 1198 1603 tabo,

302 1625 351 1662 Et
381 1637 526 1669 crocus,
557 1630 594 1661 et
622 1623 804 1672 pulchrae
833 1622 991 1672 Cypridi
1024 1634 1132 1659 sacra
1161 1623 1276 1659 rosa?

248 1690 331 1727 Nec
362 1691 463 1736 sinis,
493 1696 534 1726 ut
563 1701 715 1738 semper
744 1688 858 1725 fluvio
888 1689 1126 1725 contermina
1155 1699 1318 1737 quercus

300 1756 460 1793 Miretur
487 1756 616 1804 lapsus
646 1754 920 1804 praetereuntis
951 1754 1100 1802 aquae?

244 1822 293 1859 Et
322 1822 389 1858 tibi
419 1820 644 1865 succumbit,
675 1819 819 1868 liquido
850 1831 949 1868 quae
978 1818 1143 1867 plurima
1171 1818 1281 1856 coelo

298 1887 480 1924 Evehitur
509 1886 659 1935 pennis,
690 1885 901 1934 quamlibet
929 1896 1060 1932 augur,
1090 1884 1192 1929 avis;

243 1953 292 1990 Et
322 1965 419 2002 quae
447 1952 549 1989 mille
581 1952 698 2000 nigris
728 1957 854 1988 errant
886 1950 1063 1987 animalia
1093 1949 1204 1999 sylvis
1220 1963 1230 1996 3

296 2019 345 2055 Et
375 2025 467 2068 quot
495 2018 600 2055 alunt
629 2024 779 2054 mutum
809 2016 968 2054 Proteos
999 2023 1106 2053 antra
1135 2027 1265 2064 pecus.

244 2085 388 2130 Invida,
419 2091 523 2121 tanta
551 2083 617 2119 tibi
648 2094 767 2131 quum
797 2082 843 2118 sit
871 2093 1059 2119 concessa
1087 2088 1268 2130 potestas,

298 2150 404 2196 Quid
430 2150 534 2198 juvat
562 2148 732 2185 human&
762 2148 933 2197 tinguere
963 2147 1081 2185 caede
1110 2159 1271 2192 manus;

243 2216 459 2264 Nobileque
489 2216 527 2251 in
556 2221 690 2263 pectus
720 2221 840 2250 certas
870 2214 1017 2251 acuisse
1048 2214 1215 2261 sagittas,

299 2280 593 2328 Semideamque
623 2279 792 2316 animam
819 2279 910 2316 sede
940 2278 1091 2327 fugasse
1121 2277 1244 2315 sua?”
