1743 2844
259 345 305 378 10
622 337 672 369 M.
702 337 924 369 ANTONII
946 335 1152 367 MURETI

839 481 915 511 XX.

658 582 709 613 IN
748 581 1104 612 PONTILIANUM.

256 668 386 714 Quum
416 666 569 715 rapidus
598 666 726 702 medio
757 665 922 702 desaevit
950 666 989 701 in
1019 676 1185 714 aequore
1215 662 1342 707 Titan,

310 733 392 777 Fer,
423 744 527 781 puer,
557 731 632 768 huc
662 731 834 779 cyathos,
865 729 1103 766 Pontilianus
1133 730 1206 766 ait:

256 799 388 844 Quum
416 798 520 847 pluit,
550 798 623 834 en!
662 797 795 846 inquit,
826 796 919 834 deus
949 795 1132 833 admonet
1160 807 1244 832 esse
1273 792 1494 837 bibendum,

309 864 386 909 Qui
416 875 517 900 nunc
546 869 625 899 tam
653 862 773 899 multo
803 862 941 910 proluit
969 861 1087 898 imbre
1117 861 1262 898 solum:

256 930 316 965 Sic
345 940 463 965 vacua
491 940 513 964 a
542 934 635 976 potu
664 939 743 964 non
772 938 944 975 unquam
973 933 1147 975 tempora
1176 925 1289 970 ducit,

308 994 461 1042 Curque
490 993 605 1038 bibat,
636 1004 786 1041 semper
815 991 1050 1029 Pontilianus
1079 991 1203 1028 habet.

832 1147 930 1177 XXI.

727 1247 778 1278 IN
814 1247 1034 1278 EUNDEM.

257 1335 334 1372 Cur
364 1341 427 1371 tua
456 1334 517 1370 vix
547 1345 717 1382 unquam
749 1333 823 1370 sint
852 1332 950 1369 salsa
979 1332 1266 1381 epigrammata,
1297 1330 1474 1380 quaeris?

309 1399 431 1437 Diluis
460 1399 554 1437 haec
583 1399 713 1445 nimio,
744 1398 957 1436 Pontiliane
984 1409 1103 1434 mero.

824 1552 942 1582 XXII.

738 1653 789 1683 IN
826 1652 1031 1683 LAIDEM.

258 1739 348 1776 Non
379 1744 459 1775 toto
490 1743 547 1774 est
575 1736 718 1781 mulier,
750 1747 865 1785 quam
894 1736 994 1778 Lais,
1022 1736 1156 1785 justior
1185 1736 1301 1772 orbe:

313 1804 389 1841 Cur
420 1803 496 1839 ita?
544 1813 635 1838 nam
664 1807 810 1838 rectum
840 1813 991 1850 semper
1020 1813 1145 1838 amare
1176 1801 1280 1838 solet.

820 1953 956 1984 XXIII.

566 2054 629 2084 DE
663 2053 880 2084 VIRTUTE
917 2054 977 2084 ET
1013 2053 1208 2084 GLORIA.

260 2142 400 2185 Virtus,
429 2146 467 2176 ut
497 2139 662 2176 solidum
691 2138 873 2188 quiddam
904 2146 972 2184 est,
1001 2146 1038 2175 et
1067 2150 1227 2187 corpore
1257 2146 1461 2177 constans:

314 2207 451 2254 Aequa
480 2205 546 2242 sed
575 2211 633 2242 est
661 2205 817 2241 umbrae
848 2204 966 2252 gloria
994 2204 1096 2241 fluxa
1125 2204 1204 2241 levi.

262 2271 375 2308 Hanc
405 2271 516 2319 igitur
545 2270 714 2319 quisquis
744 2269 917 2319 neglect&
946 2270 1185 2319 amplectitur
1213 2269 1282 2314 illa,

316 2336 419 2373 Huic
448 2347 560 2384 mage
590 2347 705 2384 quam
734 2347 885 2385 eorpus,
916 2335 1086 2384 corporis
1115 2336 1250 2372 umbra
1279 2335 1412 2384 placet.
