1743 2844
601 314 770 347 POEMA
780 313 840 345 TA
880 311 1040 343 VARJA.
1397 316 1444 351 99

195 421 374 460 Vestrum
403 428 471 466 est,
501 419 689 469 impositis
718 417 850 467 populi
882 415 1028 453 frenare
1057 413 1225 451 furorem

251 487 430 536 Legibus,
462 493 500 524 ut
531 498 578 522 ne
608 485 718 522 exlex
747 483 786 520 in
816 481 940 519 scelus
969 492 1085 517 omne
1115 485 1210 516 ruat.

196 553 279 591 Vos
307 552 476 602 premitis
506 549 633 600 poena
663 556 884 597 surgentem
914 546 1063 583 vindice
1092 544 1256 595 culpam,

250 618 333 656 Nec
362 618 481 655 sinitis
511 627 637 653 mores
667 614 858 651 luxuriare
887 612 1023 649 malos.

198 684 269 721 Per
297 696 365 721 vos
394 689 474 720 tuta
503 680 621 718 Ceres
651 679 798 718 domini
827 677 997 715 flavescit
1025 677 1064 713 in
1094 687 1211 725 agro:

251 749 463 786 Pascuntur
493 747 563 784 tuti
593 752 674 783 tuta
703 757 771 794 per
801 755 890 781 arva
918 744 1048 780 boves.

198 813 371 851 Muneris
400 820 456 851 est
485 813 607 856 vestri,
637 810 765 848 media
795 809 902 859 quod
930 815 1045 846 nocte
1074 807 1194 844 viator

253 878 317 915 Nil
346 878 481 916 metuit
509 877 671 926 longum
701 887 856 925 carpere
886 874 991 912 solus
1020 873 1100 909 iter.

198 944 282 982 Vos
311 944 418 989 datis,
448 949 489 980 ut
518 942 629 979 simili
659 941 861 979 laudentur
888 939 994 989 prole
1022 937 1191 983 maritae,

253 1009 382 1059 thue
412 1010 460 1046 sit
488 1009 527 1045 in
558 1008 635 1044 nati
664 1007 851 1057 plurimus
881 1017 945 1042 ore
975 1012 1093 1055 pater.

200 1075 358 1112 Publica
387 1087 447 1111 res
475 1073 609 1111 vestris
637 1072 807 1110 humeris
837 1072 969 1108 innixa
998 1069 1196 1115 recumbit,

257 1140 472 1190 Sospitibus
501 1139 623 1184 vobis,
654 1150 725 1175 nec
755 1138 863 1174 timet
892 1137 976 1186 ipsa
1005 1135 1086 1173 sibi.

199 1205 290 1256 Jure
319 1206 433 1255 igitur
461 1211 543 1242 toto
572 1202 769 1241 Venetfim
797 1202 1012 1252 praesignis
1040 1202 1080 1238 in
1109 1201 1203 1238 orbe

257 1271 390 1309 Gloria
424 1277 461 1308 et
491 1269 598 1306 Eoos
627 1269 761 1306 transit
791 1275 827 1306 et
858 1267 1081 1317 Hesperios.

202 1336 366 1382 Floreat,
397 1342 438 1373 ut
466 1335 601 1372 merita
629 1341 696 1379 est,
726 1334 900 1372 volucres
930 1333 1021 1371 dum
1052 1333 1144 1370 silva
1173 1331 1360 1382 ferasque,

257 1402 438 1451 Dumque
467 1412 612 1449 aequor
640 1400 787 1449 phocas
818 1405 961 1449 pascet,
991 1405 1028 1436 et
1056 1404 1156 1435 astra
1184 1398 1307 1447 polus.

205 1468 315 1505 Haec
344 1479 420 1516 ego
449 1466 541 1503 dum
570 1465 714 1503 blando
744 1465 909 1503 meditor
938 1465 1004 1502 tibi
1034 1464 1213 1510 carmine,
1245 1464 1419 1511 Memmi,

257 1532 310 1569 Ut
339 1538 375 1569 te
406 1530 637 1580 suaviloquis
666 1531 836 1568 versibus
865 1530 1072 1567 exhilarem
1088 1542 1098 1576 3

206 1597 272 1635 Me
302 1597 507 1635 miserum!
547 1596 683 1633 veteris
713 1596 841 1634 forsan
870 1602 909 1633 tu
939 1595 1077 1633 oblitus
1107 1595 1232 1641 amici,

261 1662 435 1700 Noscere
462 1661 553 1711 jam,
584 1662 650 1710 qui
680 1662 763 1707 sim,
793 1661 957 1711 negligis
987 1667 1051 1698 aut
1080 1661 1145 1698 ubi
1174 1662 1267 1699 sim:

207 1728 349 1767 Omnis
379 1734 416 1764 et
445 1727 484 1763 in
513 1733 650 1763 ventos
679 1728 797 1764 nostri
826 1727 892 1765 tibi
924 1739 1015 1764 eura
1042 1727 1209 1773 recessit,

262 1793 407 1830 Fumus
435 1798 487 1837 ut,
518 1798 582 1829 aut
611 1793 733 1830 nubes
763 1800 848 1830 aeta
877 1792 1055 1842 aquilone
1085 1792 1194 1830 solet.

207 1858 300 1896 Hoc
331 1860 363 1895 si
391 1858 442 1894 ita
472 1857 528 1902 sit,
555 1857 708 1894 credam
740 1858 968 1907 lapsuraque
998 1857 1123 1895 sidera
1152 1858 1274 1905 coelo,

262 1924 385 1973 Inque
416 1934 525 1960 suurn
557 1929 655 1959 retro
686 1922 845 1959 flumina
873 1922 968 1960 itura
997 1929 1122 1972 caput.

209 1989 284 2027 Sed
313 2000 440 2038 neque
470 1987 667 2036 praecipiti
697 1987 871 2025 labentur
900 1988 1025 2026 sidera
1054 1989 1175 2031 coelo,

262 2054 346 2091 Nec
376 2060 463 2091 sunt
493 2053 531 2089 in
561 2053 758 2102 proprium
788 2054 948 2091 flumina
976 2055 1074 2091 itura
1104 2061 1230 2105 caput,

208 2120 293 2158 Nec
322 2126 359 2157 te
389 2118 541 2156 deficiet
570 2117 711 2156 Mureti
741 2131 887 2157 nomen
917 2131 1057 2157 amare.

262 2185 299 2223 O
328 2184 432 2235 prius
461 2183 596 2221 immiti
625 2185 764 2234 pollice
794 2185 912 2223 Parca
941 2185 1049 2223 ferox

208 2250 441 2300 Imperfecta
469 2262 579 2287 meae
608 2249 799 2299 discerpat
829 2251 992 2288 stamina
1020 2251 1128 2298 vitae,

263 2316 434 2355 Stamina
462 2315 566 2352 fatali
595 2321 674 2353 tam
702 2316 802 2353 male
831 2315 946 2354 ducta
976 2316 1088 2354 colo!

801 2393 827 2419 H
850 2393 869 2418 2
