1743 2844
266 311 314 346 88
673 318 912 350 POEMATA
952 318 1109 349 VARJA.

262 420 442 458 Constitit
470 429 509 459 ut
538 423 644 472 virgo
672 424 801 473 juveni
831 422 995 461 deducta
1023 422 1160 459 marito

315 486 485 534 Pulchra,
515 489 669 537 puellari
698 489 812 538 plena
840 488 988 537 pudore
1017 488 1153 524 nitens.

261 552 321 589 Sic
351 553 451 590 stetit
480 554 610 591 effusis
639 566 707 603 per
735 554 831 591 levia
860 554 957 591 colla
985 553 1128 602 capillis

313 618 413 656 Ante
444 620 577 657 oculos
607 619 752 656 Paridis
781 619 1033 656 semireducta
1061 618 1218 656 Venus:

259 684 364 721 Talis
395 686 495 722 nube
527 684 618 722 cava
648 685 726 721 visa
755 690 812 721 est
841 684 1020 733 effulgere
1050 684 1171 733 qualis

313 749 428 787 Nuda
458 750 692 799 Cytheriacis
721 749 821 787 edita
851 749 963 787 fertur
993 750 1123 799 aquis:

256 815 325 861 Ac,
356 816 469 853 veluti
498 828 518 852 e
549 815 658 853 Pario
689 815 894 852 formatum
923 827 1112 853 marmore
1142 815 1305 863 signum,

312 881 415 918 Tota
445 880 582 918 decora
611 881 703 917 nitet
732 887 831 918 tecta
858 880 1004 929 pudore
1035 880 1141 918 suo¹.

255 946 366 991 Vicit,
397 954 433 983 et
462 945 551 983 hinc
579 946 722 991 victrix,
752 945 875 983 forma
904 946 1154 995 pulcherrima
1183 945 1279 990 diva,

310 1011 488 1048 Sublimis
517 1011 660 1061 liquida
690 1012 802 1048 cessit
832 1011 871 1047 in
900 1018 998 1048 astra
1025 1010 1095 1048 via.

255 1106 314 1143 Sic
344 1105 486 1154 placuit
514 1105 636 1153 magis
666 1117 743 1141 una
772 1104 918 1150 Venus,
946 1103 1146 1153 formaque
1175 1104 1366 1153 refulgens

306 1171 428 1207 Evicit
457 1169 634 1219 pulchras
662 1169 855 1218 pulchrior
884 1170 967 1218 ipsa
997 1169 1109 1207 deas:

252 1236 444 1273 Omnibus
474 1247 550 1271 una
577 1246 725 1280 omnes,
755 1247 874 1283 quum
904 1235 950 1272 sit
979 1235 1232 1284 pulcherrima
1258 1241 1346 1279 tota,

309 1302 369 1339 Sic
400 1302 477 1337 visa
507 1307 563 1337 est
592 1312 750 1351 veneres
780 1300 1003 1349 surripuisse
1033 1299 1180 1349 Cypris.

1327 1363 1507 1402 RBK.

845 1447 908 1476 IX.

316 1533 366 1563 IN
406 1530 660 1562 IMAGINEM
699 1529 890 1560 MURETI
928 1530 955 1560 E
991 1530 1106 1561 VIVO
1143 1529 1436 1560 EXPRESSAM.

249 1606 365 1654 Atqui
395 1612 431 1642 te
461 1605 607 1642 Aonias
637 1604 790 1641 dicebas
819 1603 911 1640 velle
941 1615 1092 1641 sorores

303 1669 489 1716 Pingere:
532 1668 636 1705 solve
667 1667 805 1711 datam,
835 1667 957 1715 pictor
984 1667 1117 1712 amice,
1148 1666 1275 1703 fidem.

248 1735 337 1772 Plus
366 1735 480 1771 etiam
514 1733 609 1771 feei:
650 1745 818 1782 namque
847 1732 918 1770 hac
949 1734 1019 1769 sub
1053 1733 1229 1781 imagine,
1261 1732 1394 1778 lector,

301 1799 400 1836 Cum
431 1799 591 1836 Phoebo
621 1797 818 1834 Aonidum
848 1798 958 1834 turba
986 1797 1125 1833 diserta
1154 1797 1252 1833 latet.

1285 1862 1327 1898 F
1323 1865 1501 1900 remz'olus.

856 1944 903 1974 X.

291 2031 341 2061 IN
382 2030 429 2060 M.
469 2028 733 2060 ANTONIUM
771 2027 1032 2067 MURETUM,
1071 2027 1454 2059 PRAECEPTOREM

533 2106 761 2137 OPTIMUM
799 2106 859 2137 ET
894 2106 1211 2137 CARISSIMUM.

245 2181 406 2221 Murete,
438 2180 597 2217 eximios
627 2181 724 2217 inter
753 2179 978 2217 celebrande
1007 2186 1153 2229 poetas,

299 2246 370 2283 Cui
401 2252 573 2282 numerat
603 2256 745 2293 paucos
775 2244 900 2282 Gallia
928 2251 1007 2282 tota
1036 2257 1155 2293 pares,

549 2331 557 2348 ¹
580 2330 628 2362 Cf.
646 2331 778 2367 Milton,
795 2331 946 2361 Paradise
965 2332 1045 2367 Lon,
1061 2330 1102 2362 iv.
1123 2331 1193 2372 289.

1686 2748 1715 2844 ἣν·
