1743 2844
601 360 762 392 CANTA
771 360 834 390 TE
862 358 1072 390 DOMINO.
1415 364 1462 399 45

579 535 630 566 IN
669 534 751 565 DIE
786 533 1097 564 EPIPIIANIAE.

371 641 481 686 Quae
511 651 578 677 vos
608 651 733 684 causa,
764 638 884 687 Magi,
915 638 1038 682 dieite,
1069 637 1228 686 perpulit

370 707 403 744 E
432 707 562 744 vestris
590 706 659 743 iter
688 706 761 743 huc
791 718 946 754 carpere
975 705 1141 743 finibus?

371 772 498 819 Quem
527 778 633 809 tanto
664 771 790 809 studio
821 771 998 820 quaeritis
1028 771 1156 808 anxii?

529 836 667 883 Quove
697 835 791 873 haec
821 848 980 873 munera
1009 836 1226 885 pertinent?

368 940 452 979 Nos
482 940 589 978 stella
616 941 757 978 insoliti
786 940 942 977 luminis
972 940 1045 977 huc
1075 940 1197 985 trahit,

366 1008 416 1046 Et
445 1008 520 1045 dux
551 1015 652 1046 certa
680 1009 780 1045 viam
809 1015 995 1057 perpetuo
1025 1009 1154 1057 praeit,

366 1073 534 1123 Judaeae
564 1074 716 1123 populis
746 1086 843 1123 quae
873 1074 1112 1121 cupientibus

529 1139 680 1188 Regem
710 1140 898 1188 signifieat
927 1139 1070 1177 datum.

367 1246 462 1282 Auri
490 1245 634 1283 isthaec
665 1245 733 1283 sed
761 1246 865 1283 enim
896 1245 987 1295 quid
1017 1245 1086 1282 sibi
1116 1245 1300 1294 pondera,

367 1310 544 1360 Myrrhae
573 1311 753 1349 mirificus
783 1311 874 1360 quid
904 1311 974 1348 sibi
1004 1311 1081 1347 vult
1109 1311 1234 1348 odor?

368 1377 446 1413 Aut
476 1389 585 1426 quae,
617 1389 735 1426 quum
764 1377 929 1426 populus
959 1388 1065 1414 sacra
1093 1376 1179 1414 Deo
1211 1375 1309 1419 facit,

529 1443 616 1480 Aris
644 1443 753 1480 thura
781 1442 906 1480 solent
934 1442 1041 1480 dari?

367 1547 450 1584 Rex
480 1559 572 1585 auro
603 1548 758 1584 colitur:
798 1547 908 1584 thura
936 1546 1062 1583 Deum
1096 1546 1255 1584 decent:

364 1612 495 1650 Nostri
524 1611 676 1661 myrrha
704 1612 880 1649 homines
910 1618 997 1660 post
1025 1611 1172 1648 obitum
1201 1611 1332 1648 linunt.

368 1677 470 1716 Huic
501 1691 593 1728 ergo
623 1678 718 1715 haec
748 1678 887 1728 pariter
915 1690 1074 1714 munera
1103 1685 1332 1727 congruunt,

528 1743 605 1790 Qui
634 1752 671 1782 et
701 1744 787 1781 Rex
817 1751 874 1781 est
903 1751 938 1781 et
969 1743 1104 1781 Homo
1135 1750 1171 1781 et
1200 1743 1318 1782 Deus.

366 1831 534 1880 Simplex
565 1838 634 1869 etc.

1349 1884 1460 1922 Idem.

429 2058 459 2087 A
495 2056 868 2088 SEPTUAGESIMA
905 2057 972 2087 AD
1009 2055 1226 2088 CINERES.

365 2165 498 2203 Eheu!
539 2177 655 2215 quam
686 2165 870 2203 scelerum
899 2177 979 2202 non
1008 2165 1215 2203 tolerabilis

365 2231 450 2269 Nos
478 2238 588 2280 urget
616 2231 778 2269 miseros
807 2231 966 2276 sarcina,
997 2242 1094 2280 quae
1123 2230 1197 2268 Dei

366 2296 516 2334 Nostris
546 2296 733 2346 principio
762 2296 954 2333 mentibus
983 2295 1142 2334 inditam

580 2361 808 2400 Obscuravit
835 2361 1064 2411 imaginem!
