<?xml version="1.0" encoding="UTF-8"?>
<!DOCTYPE html PUBLIC "-//W3C//DTD XHTML 1.0 Transitional//EN"
    "http://www.w3.org/TR/xhtml1/DTD/xhtml1-transitional.dtd">
<html xmlns="http://www.w3.org/1999/xhtml" xml:lang="en" lang="en">
 <head>
  <title>
</title>
<meta http-equiv="Content-Type" content="text/html;charset=utf-8" />
  <meta name='ocr-system' content='tesseract 3.04.00' />
  <meta name='ocr-capabilities' content='ocr_page ocr_carea ocr_par ocr_line ocrx_word'/>
</head>
<body>
  <div class='ocr_page' id='page_1' title='image "./arundinessturisi00kennuoft_0033.png"; bbox 0 0 1789 2875; ppageno 0'>
   <div class='ocr_carea' id='block_1_1' title="bbox 517 319 1380 358">
    <p class='ocr_par' dir='ltr' id='par_1_1' title="bbox 517 319 1380 358">
     <span class='ocr_line' id='line_1_1' title="bbox 517 319 1380 358; baseline -0.006 -6"><span class='ocrx_word' id='word_1_1' title='bbox 517 320 679 352; x_wconf 80' lang='lat' dir='ltr'><em>CANTA</em></span> <span class='ocrx_word' id='word_1_2' title='bbox 689 320 752 352; x_wconf 78' lang='lat' dir='ltr'>TE</span> <span class='ocrx_word' id='word_1_3' title='bbox 779 319 987 351; x_wconf 67' lang='lat' dir='ltr'><em>DOMINO.</em></span> <span class='ocrx_word' id='word_1_4' title='bbox 1338 322 1380 358; x_wconf 86' lang='lat'>17</span> 
     </span>
    </p>
   </div>
   <div class='ocr_carea' id='block_1_2' title="bbox 126 421 1389 1574">
    <p class='ocr_par' dir='ltr' id='par_1_2' title="bbox 127 421 1193 475">
     <span class='ocr_line' id='line_1_2' title="bbox 127 421 1193 475; baseline -0.002 -15"><span class='ocrx_word' id='word_1_5' title='bbox 127 423 193 461; x_wconf 89' lang='lat' dir='ltr'>Ille</span> <span class='ocrx_word' id='word_1_6' title='bbox 224 425 365 463; x_wconf 85' lang='lat' dir='ltr'>etenim</span> <span class='ocrx_word' id='word_1_7' title='bbox 394 437 528 475; x_wconf 85' lang='lat' dir='ltr'>regum</span> <span class='ocrx_word' id='word_1_8' title='bbox 557 432 613 462; x_wconf 90' lang='lat' dir='ltr'>ter</span> <span class='ocrx_word' id='word_1_9' title='bbox 640 426 842 469; x_wconf 85' lang='lat' dir='ltr'>maximus,</span> <span class='ocrx_word' id='word_1_10' title='bbox 873 424 932 460; x_wconf 91' lang='lat' dir='ltr'>ille</span> <span class='ocrx_word' id='word_1_11' title='bbox 962 421 1193 466; x_wconf 86' lang='lat' dir='ltr'>tremendus,</span> 
     </span>
    </p>

    <p class='ocr_par' dir='ltr' id='par_1_3' title="bbox 126 488 1247 539">
     <span class='ocr_line' id='line_1_3' title="bbox 126 488 1247 539; baseline -0.003 -14"><span class='ocrx_word' id='word_1_12' title='bbox 126 490 253 535; x_wconf 83' lang='lat' dir='ltr'>Quem</span> <span class='ocrx_word' id='word_1_13' title='bbox 286 491 366 529; x_wconf 88' lang='lat' dir='ltr'>sola</span> <span class='ocrx_word' id='word_1_14' title='bbox 394 499 588 534; x_wconf 85' lang='lat' dir='ltr'>terrarum,</span> <span class='ocrx_word' id='word_1_15' title='bbox 618 490 715 528; x_wconf 90' lang='lat' dir='ltr'>coeli</span> <span class='ocrx_word' id='word_1_16' title='bbox 744 501 861 539; x_wconf 84' lang='lat' dir='ltr'>quern</span> <span class='ocrx_word' id='word_1_17' title='bbox 890 488 1032 537; x_wconf 83' lang='lat' dir='ltr'>templa</span> <span class='ocrx_word' id='word_1_18' title='bbox 1060 493 1247 531; x_wconf 88' lang='lat' dir='ltr'>verentur,</span> 
     </span>
    </p>

    <p class='ocr_par' dir='ltr' id='par_1_4' title="bbox 128 554 1067 604">
     <span class='ocr_line' id='line_1_4' title="bbox 128 554 1067 604; baseline -0.002 -12"><span class='ocrx_word' id='word_1_19' title='bbox 128 555 297 604; x_wconf 88' lang='lat' dir='ltr'>Subjecit</span> <span class='ocrx_word' id='word_1_20' title='bbox 326 557 437 594; x_wconf 89' lang='lat' dir='ltr'>nobis</span> <span class='ocrx_word' id='word_1_21' title='bbox 466 555 645 604; x_wconf 88' lang='lat' dir='ltr'>populos,</span> <span class='ocrx_word' id='word_1_22' title='bbox 676 554 851 604; x_wconf 87' lang='lat' dir='ltr'>fastuque</span> <span class='ocrx_word' id='word_1_23' title='bbox 881 565 1067 603; x_wconf 87' lang='lat' dir='ltr'>represso,</span> 
     </span>
    </p>

    <p class='ocr_par' dir='ltr' id='par_1_5' title="bbox 127 619 1146 671">
     <span class='ocr_line' id='line_1_5' title="bbox 127 619 1146 671; baseline -0.003 -14"><span class='ocrx_word' id='word_1_24' title='bbox 127 621 238 658; x_wconf 83' lang='lat' dir='ltr'>Ferre</span> <span class='ocrx_word' id='word_1_25' title='bbox 265 623 411 671; x_wconf 83' lang='lat' dir='ltr'>jugum,</span> <span class='ocrx_word' id='word_1_26' title='bbox 441 620 598 658; x_wconf 68' lang='lat' dir='ltr'>admota</span> <span class='ocrx_word' id='word_1_27' title='bbox 627 620 788 670; x_wconf 86' lang='lat' dir='ltr'>pedibus</span> <span class='ocrx_word' id='word_1_28' title='bbox 818 620 975 665; x_wconf 87' lang='lat' dir='ltr'>cervice,</span> <span class='ocrx_word' id='word_1_29' title='bbox 1008 619 1146 668; x_wconf 84' lang='lat' dir='ltr'>coegit.</span> 
     </span>
    </p>

    <p class='ocr_par' dir='ltr' id='par_1_6' title="bbox 126 686 1047 736">
     <span class='ocr_line' id='line_1_6' title="bbox 126 686 1047 736; baseline -0.001 -12"><span class='ocrx_word' id='word_1_30' title='bbox 126 688 296 736; x_wconf 81' lang='lat' dir='ltr'>Ipsemet</span> <span class='ocrx_word' id='word_1_31' title='bbox 326 687 439 736; x_wconf 88' lang='lat' dir='ltr'>elegit</span> <span class='ocrx_word' id='word_1_32' title='bbox 467 687 636 724; x_wconf 90' lang='lat' dir='ltr'>clemens</span> <span class='ocrx_word' id='word_1_33' title='bbox 664 687 905 736; x_wconf 83' lang='lat' dir='ltr'>patrimonia,</span> <span class='ocrx_word' id='word_1_34' title='bbox 936 686 1047 723; x_wconf 89' lang='lat' dir='ltr'>nobis</span> 
     </span>
    </p>

    <p class='ocr_par' dir='ltr' id='par_1_7' title="bbox 127 752 1186 798">
     <span class='ocr_line' id='line_1_7' title="bbox 127 752 1186 798; baseline -0.002 -10"><span class='ocrx_word' id='word_1_35' title='bbox 127 752 238 797; x_wconf 79' lang='lat' dir='ltr'>Quae</span> <span class='ocrx_word' id='word_1_36' title='bbox 267 752 384 798; x_wconf 88' lang='lat' dir='ltr'>daret,</span> <span class='ocrx_word' id='word_1_37' title='bbox 414 759 569 790; x_wconf 87' lang='lat' dir='ltr'>aeterno</span> <span class='ocrx_word' id='word_1_38' title='bbox 600 752 772 790; x_wconf 81' lang='lat' dir='ltr'>Isacidae</span> <span class='ocrx_word' id='word_1_39' title='bbox 803 763 1014 791; x_wconf 87' lang='lat' dir='ltr'>succensus</span> <span class='ocrx_word' id='word_1_40' title='bbox 1044 761 1186 787; x_wconf 83' lang='lat' dir='ltr'>amore.</span> 
     </span>
    </p>

    <p class='ocr_par' dir='ltr' id='par_1_8' title="bbox 127 815 1384 867">
     <span class='ocr_line' id='line_1_8' title="bbox 127 815 1384 867; baseline -0.003 -14"><span class='ocrx_word' id='word_1_41' title='bbox 127 818 236 866; x_wconf 82' lang='lat' dir='ltr'>Euge</span> <span class='ocrx_word' id='word_1_42' title='bbox 266 818 389 864; x_wconf 85' lang='lat' dir='ltr'>Pater,</span> <span class='ocrx_word' id='word_1_43' title='bbox 419 817 530 855; x_wconf 89' lang='lat' dir='ltr'>Pater</span> <span class='ocrx_word' id='word_1_44' title='bbox 558 830 667 867; x_wconf 84' lang='lat' dir='ltr'>euge,</span> <span class='ocrx_word' id='word_1_45' title='bbox 698 825 806 855; x_wconf 84' lang='lat' dir='ltr'>tuum</span> <span class='ocrx_word' id='word_1_46' title='bbox 835 818 931 854; x_wconf 85' lang='lat' dir='ltr'>haee</span> <span class='ocrx_word' id='word_1_47' title='bbox 960 823 1048 854; x_wconf 88' lang='lat' dir='ltr'>sunt</span> <span class='ocrx_word' id='word_1_48' title='bbox 1075 815 1206 853; x_wconf 79' lang='lat' dir='ltr'>omnia</span> <span class='ocrx_word' id='word_1_49' title='bbox 1232 825 1384 850; x_wconf 89' lang='lat' dir='ltr'>munus.</span> 
     </span>
    </p>

    <p class='ocr_par' dir='ltr' id='par_1_9' title="bbox 126 882 1048 930">
     <span class='ocr_line' id='line_1_9' title="bbox 126 882 1048 930; baseline 0 -11"><span class='ocrx_word' id='word_1_50' title='bbox 126 883 371 921; x_wconf 88' lang='lat' dir='ltr'>Ascendente</span> <span class='ocrx_word' id='word_1_51' title='bbox 401 882 499 928; x_wconf 85' lang='lat' dir='ltr'>Deo,</span> <span class='ocrx_word' id='word_1_52' title='bbox 530 883 609 920; x_wconf 81' lang='lat' dir='ltr'>litui</span> <span class='ocrx_word' id='word_1_53' title='bbox 640 895 813 929; x_wconf 85' lang='lat' dir='ltr'>sonuere,</span> <span class='ocrx_word' id='word_1_54' title='bbox 845 883 1048 930; x_wconf 83' lang='lat' dir='ltr'>tubaeque.</span> 
     </span>
    </p>

    <p class='ocr_par' dir='ltr' id='par_1_10' title="bbox 127 946 1168 997">
     <span class='ocr_line' id='line_1_10' title="bbox 127 946 1168 997; baseline -0.002 -13"><span class='ocrx_word' id='word_1_55' title='bbox 127 948 298 985; x_wconf 88' lang='lat' dir='ltr'>Prodidit</span> <span class='ocrx_word' id='word_1_56' title='bbox 326 949 407 997; x_wconf 87' lang='lat' dir='ltr'>ipse</span> <span class='ocrx_word' id='word_1_57' title='bbox 437 949 544 986; x_wconf 89' lang='lat' dir='ltr'>novis</span> <span class='ocrx_word' id='word_1_58' title='bbox 574 961 643 986; x_wconf 79' lang='lat' dir='ltr'>sua</span> <span class='ocrx_word' id='word_1_59' title='bbox 671 949 812 997; x_wconf 81' lang='lat' dir='ltr'>gaudia</span> <span class='ocrx_word' id='word_1_60' title='bbox 840 948 997 986; x_wconf 78' lang='lat' dir='ltr'>vocibus</span> <span class='ocrx_word' id='word_1_61' title='bbox 1028 946 1168 984; x_wconf 83' lang='lat' dir='ltr'>aether.</span> 
     </span>
    </p>

    <p class='ocr_par' dir='ltr' id='par_1_11' title="bbox 128 1011 1231 1063">
     <span class='ocr_line' id='line_1_11' title="bbox 128 1011 1231 1063; baseline -0.003 -14"><span class='ocrx_word' id='word_1_62' title='bbox 128 1013 279 1050; x_wconf 83' lang='lat' dir='ltr'>Psallite</span> <span class='ocrx_word' id='word_1_63' title='bbox 308 1025 411 1051; x_wconf 89' lang='lat' dir='ltr'>nune</span> <span class='ocrx_word' id='word_1_64' title='bbox 439 1013 503 1063; x_wconf 86' lang='lat' dir='ltr'>pia</span> <span class='ocrx_word' id='word_1_65' title='bbox 532 1014 651 1051; x_wconf 86' lang='lat' dir='ltr'>corda</span> <span class='ocrx_word' id='word_1_66' title='bbox 679 1014 778 1060; x_wconf 90' lang='lat' dir='ltr'>Deo,</span> <span class='ocrx_word' id='word_1_67' title='bbox 809 1026 912 1051; x_wconf 89' lang='lat' dir='ltr'>nunc</span> <span class='ocrx_word' id='word_1_68' title='bbox 941 1013 1088 1063; x_wconf 79' lang='lat' dir='ltr'>psallite</span> <span class='ocrx_word' id='word_1_69' title='bbox 1120 1011 1231 1060; x_wconf 83' lang='lat' dir='ltr'>Regi,</span> 
     </span>
    </p>

    <p class='ocr_par' dir='ltr' id='par_1_12' title="bbox 127 1079 1075 1129">
     <span class='ocr_line' id='line_1_12' title="bbox 127 1079 1075 1129; baseline -0.001 -14"><span class='ocrx_word' id='word_1_70' title='bbox 127 1079 288 1124; x_wconf 75' lang='lat' dir='ltr'>Psanite,</span> <span class='ocrx_word' id='word_1_71' title='bbox 319 1081 383 1129; x_wconf 86' lang='lat' dir='ltr'>qui</span> <span class='ocrx_word' id='word_1_72' title='bbox 413 1086 530 1117; x_wconf 87' lang='lat' dir='ltr'>terras</span> <span class='ocrx_word' id='word_1_73' title='bbox 559 1091 694 1117; x_wconf 87' lang='lat' dir='ltr'>omnes</span> <span class='ocrx_word' id='word_1_74' title='bbox 724 1080 866 1117; x_wconf 86' lang='lat' dir='ltr'>ditione</span> <span class='ocrx_word' id='word_1_75' title='bbox 900 1085 1075 1117; x_wconf 89' lang='lat' dir='ltr'>coercet:</span> 
     </span>
    </p>

    <p class='ocr_par' dir='ltr' id='par_1_13' title="bbox 128 1145 1063 1195">
     <span class='ocr_line' id='line_1_13' title="bbox 128 1145 1063 1195; baseline -0.001 -13"><span class='ocrx_word' id='word_1_76' title='bbox 128 1145 177 1181; x_wconf 84' lang='lat' dir='ltr'>Et</span> <span class='ocrx_word' id='word_1_77' title='bbox 205 1146 370 1183; x_wconf 89' lang='lat' dir='ltr'>mulcete</span> <span class='ocrx_word' id='word_1_78' title='bbox 398 1146 480 1195; x_wconf 88' lang='lat' dir='ltr'>pias</span> <span class='ocrx_word' id='word_1_79' title='bbox 510 1145 632 1183; x_wconf 87' lang='lat' dir='ltr'>doctis</span> <span class='ocrx_word' id='word_1_80' title='bbox 661 1147 913 1184; x_wconf 84' lang='lat' dir='ltr'>concentibus</span> <span class='ocrx_word' id='word_1_81' title='bbox 942 1156 1063 1182; x_wconf 86' lang='lat' dir='ltr'>aures.</span> 
     </span>
    </p>

    <p class='ocr_par' dir='ltr' id='par_1_14' title="bbox 129 1210 1106 1260">
     <span class='ocr_line' id='line_1_14' title="bbox 129 1210 1106 1260; baseline -0.002 -12"><span class='ocrx_word' id='word_1_82' title='bbox 129 1212 338 1260; x_wconf 88' lang='lat' dir='ltr'>Imperium</span> <span class='ocrx_word' id='word_1_83' title='bbox 368 1211 448 1249; x_wconf 87' lang='lat' dir='ltr'>sine</span> <span class='ocrx_word' id='word_1_84' title='bbox 477 1211 554 1248; x_wconf 89' lang='lat' dir='ltr'>fine</span> <span class='ocrx_word' id='word_1_85' title='bbox 582 1211 688 1249; x_wconf 89' lang='lat' dir='ltr'>Deus</span> <span class='ocrx_word' id='word_1_86' title='bbox 718 1218 799 1249; x_wconf 88' lang='lat' dir='ltr'>toto</span> <span class='ocrx_word' id='word_1_87' title='bbox 828 1211 976 1248; x_wconf 86' lang='lat' dir='ltr'>obtinet</span> <span class='ocrx_word' id='word_1_88' title='bbox 1001 1210 1106 1254; x_wconf 91' lang='lat' dir='ltr'>orbe,</span> 
     </span>
    </p>

    <p class='ocr_par' dir='ltr' id='par_1_15' title="bbox 128 1275 1095 1326">
     <span class='ocr_line' id='line_1_15' title="bbox 128 1275 1095 1326; baseline -0.002 -13"><span class='ocrx_word' id='word_1_89' title='bbox 128 1277 178 1314; x_wconf 84' lang='lat' dir='ltr'>Et</span> <span class='ocrx_word' id='word_1_90' title='bbox 208 1285 342 1315; x_wconf 87' lang='lat' dir='ltr'>sancto</span> <span class='ocrx_word' id='word_1_91' title='bbox 373 1277 526 1314; x_wconf 84' lang='lat' dir='ltr'>innixus</span> <span class='ocrx_word' id='word_1_92' title='bbox 556 1278 652 1315; x_wconf 87' lang='lat' dir='ltr'>solio</span> <span class='ocrx_word' id='word_1_93' title='bbox 682 1278 779 1326; x_wconf 84' lang='lat' dir='ltr'>regit</span> <span class='ocrx_word' id='word_1_94' title='bbox 808 1277 940 1314; x_wconf 80' lang='lat' dir='ltr'>omnia</span> <span class='ocrx_word' id='word_1_95' title='bbox 969 1275 1095 1314; x_wconf 87' lang='lat' dir='ltr'>solus:</span> 
     </span>
    </p>

    <p class='ocr_par' dir='ltr' id='par_1_16' title="bbox 128 1343 1095 1392">
     <span class='ocr_line' id='line_1_16' title="bbox 128 1343 1095 1392; baseline -0.004 -11"><span class='ocrx_word' id='word_1_96' title='bbox 128 1344 318 1381; x_wconf 85' lang='lat' dir='ltr'>Ductores</span> <span class='ocrx_word' id='word_1_97' title='bbox 347 1343 581 1392; x_wconf 86' lang='lat' dir='ltr'>populorum</span> <span class='ocrx_word' id='word_1_98' title='bbox 609 1343 706 1380; x_wconf 88' lang='lat' dir='ltr'>illius</span> <span class='ocrx_word' id='word_1_99' title='bbox 736 1343 846 1392; x_wconf 81' lang='lat' dir='ltr'>signa</span> <span class='ocrx_word' id='word_1_100' title='bbox 874 1346 1095 1392; x_wconf 86' lang='lat' dir='ltr'>sequuntur.</span> 
     </span>
    </p>

    <p class='ocr_par' dir='ltr' id='par_1_17' title="bbox 129 1406 1292 1459">
     <span class='ocr_line' id='line_1_17' title="bbox 129 1406 1292 1459; baseline -0.005 -13"><span class='ocrx_word' id='word_1_101' title='bbox 129 1409 308 1459; x_wconf 87' lang='lat' dir='ltr'>Namque</span> <span class='ocrx_word' id='word_1_102' title='bbox 337 1408 547 1446; x_wconf 83' lang='lat' dir='ltr'>Abrahami</span> <span class='ocrx_word' id='word_1_103' title='bbox 579 1409 674 1446; x_wconf 86' lang='lat' dir='ltr'>alios</span> <span class='ocrx_word' id='word_1_104' title='bbox 702 1408 818 1457; x_wconf 85' lang='lat' dir='ltr'>longe</span> <span class='ocrx_word' id='word_1_105' title='bbox 847 1408 955 1445; x_wconf 86' lang='lat' dir='ltr'>Deus</span> <span class='ocrx_word' id='word_1_106' title='bbox 987 1406 1103 1445; x_wconf 88' lang='lat' dir='ltr'>anteit</span> <span class='ocrx_word' id='word_1_107' title='bbox 1133 1417 1268 1442; x_wconf 78' lang='lat' dir='ltr'>omnes</span> <span class='ocrx_word' id='word_1_108' title='bbox 1283 1418 1292 1450; x_wconf 77' lang='lat'><em>3</em></span> 
     </span>
    </p>

    <p class='ocr_par' dir='ltr' id='par_1_18' title="bbox 130 1472 1389 1574">
     <span class='ocr_line' id='line_1_18' title="bbox 130 1472 1170 1523; baseline -0.005 -10"><span class='ocrx_word' id='word_1_109' title='bbox 130 1475 247 1513; x_wconf 90' lang='lat' dir='ltr'>Scuta</span> <span class='ocrx_word' id='word_1_110' title='bbox 275 1487 344 1513; x_wconf 82' lang='lat' dir='ltr'>sua</span> <span class='ocrx_word' id='word_1_111' title='bbox 373 1474 505 1512; x_wconf 86' lang='lat' dir='ltr'>extulit</span> <span class='ocrx_word' id='word_1_112' title='bbox 534 1474 615 1523; x_wconf 89' lang='lat' dir='ltr'>ipse</span> <span class='ocrx_word' id='word_1_113' title='bbox 645 1474 719 1512; x_wconf 84' lang='lat' dir='ltr'>alte</span> <span class='ocrx_word' id='word_1_114' title='bbox 749 1486 863 1523; x_wconf 84' lang='lat' dir='ltr'>super</span> <span class='ocrx_word' id='word_1_115' title='bbox 892 1472 1010 1511; x_wconf 86' lang='lat' dir='ltr'>ardua</span> <span class='ocrx_word' id='word_1_116' title='bbox 1037 1478 1170 1510; x_wconf 84' lang='lat' dir='ltr'>terrae.</span> 
     </span>
     <span class='ocr_line' id='line_1_19' title="bbox 1200 1536 1389 1574; baseline -0.011 0"><span class='ocrx_word' id='word_1_117' title='bbox 1200 1536 1389 1574; x_wconf 77' lang='lat' dir='ltr'>Muretus.</span> 
     </span>
    </p>
   </div>
   <div class='ocr_carea' id='block_1_3' title="bbox 628 1706 894 1738">
    <p class='ocr_par' dir='ltr' id='par_1_19' title="bbox 628 1706 894 1738">
     <span class='ocr_line' id='line_1_20' title="bbox 628 1706 894 1738; baseline -0.004 0"><span class='ocrx_word' id='word_1_118' title='bbox 628 1706 758 1738; x_wconf 87' lang='lat' dir='ltr'><strong>PSAL.</strong></span> <span class='ocrx_word' id='word_1_119' title='bbox 787 1706 894 1738; x_wconf 73' lang='lat' dir='ltr'><strong>LXV.</strong></span> 
     </span>
    </p>
   </div>
   <div class='ocr_carea' id='block_1_4' title="bbox 238 1821 1048 2057">
    <p class='ocr_par' dir='ltr' id='par_1_20' title="bbox 238 1821 1048 1868">
     <span class='ocr_line' id='line_1_21' title="bbox 238 1821 1048 1868; baseline -0.002 -9"><span class='ocrx_word' id='word_1_120' title='bbox 238 1822 298 1859; x_wconf 86' lang='lat' dir='ltr'>Te</span> <span class='ocrx_word' id='word_1_121' title='bbox 327 1828 488 1859; x_wconf 87' lang='lat' dir='ltr'>manent</span> <span class='ocrx_word' id='word_1_122' title='bbox 516 1821 661 1868; x_wconf 82' lang='lat' dir='ltr'>laudes,</span> <span class='ocrx_word' id='word_1_123' title='bbox 690 1822 808 1867; x_wconf 88' lang='lat' dir='ltr'>Deus,</span> <span class='ocrx_word' id='word_1_124' title='bbox 839 1822 878 1859; x_wconf 89' lang='lat' dir='ltr'>in</span> <span class='ocrx_word' id='word_1_125' title='bbox 909 1821 1048 1859; x_wconf 87' lang='lat' dir='ltr'>Sione:</span> 
     </span>
    </p>

    <p class='ocr_par' dir='ltr' id='par_1_21' title="bbox 239 1887 884 1938">
     <span class='ocr_line' id='line_1_22' title="bbox 239 1887 884 1938; baseline 0.003 -14"><span class='ocrx_word' id='word_1_126' title='bbox 239 1887 316 1926; x_wconf 87' lang='lat' dir='ltr'>Hic</span> <span class='ocrx_word' id='word_1_127' title='bbox 344 1888 411 1925; x_wconf 90' lang='lat' dir='ltr'>tibi</span> <span class='ocrx_word' id='word_1_128' title='bbox 440 1887 553 1925; x_wconf 83' lang='lat' dir='ltr'>castis</span> <span class='ocrx_word' id='word_1_129' title='bbox 583 1894 742 1938; x_wconf 81' lang='lat' dir='ltr'>operata</span> <span class='ocrx_word' id='word_1_130' title='bbox 769 1889 884 1926; x_wconf 85' lang='lat' dir='ltr'>sacris</span> 
     </span>
    </p>

    <p class='ocr_par' dir='ltr' id='par_1_22' title="bbox 239 1953 988 2057">
     <span class='ocr_line' id='line_1_23' title="bbox 239 1953 988 2004; baseline 0.001 -14"><span class='ocrx_word' id='word_1_131' title='bbox 239 1953 342 1992; x_wconf 87' lang='lat' dir='ltr'>Vota</span> <span class='ocrx_word' id='word_1_132' title='bbox 370 1966 465 2003; x_wconf 84' lang='lat' dir='ltr'>gens</span> <span class='ocrx_word' id='word_1_133' title='bbox 495 1954 616 1991; x_wconf 86' lang='lat' dir='ltr'>solvet</span> <span class='ocrx_word' id='word_1_134' title='bbox 644 1960 719 2000; x_wconf 89' lang='lat' dir='ltr'>tua,</span> <span class='ocrx_word' id='word_1_135' title='bbox 749 1954 988 2004; x_wconf 86' lang='lat' dir='ltr'>victimisque</span> 
     </span>
     <span class='ocr_line' id='line_1_24' title="bbox 455 2019 732 2057; baseline 0.004 -1"><span class='ocrx_word' id='word_1_136' title='bbox 455 2019 609 2057; x_wconf 86' lang='lat' dir='ltr'>Imbuet</span> <span class='ocrx_word' id='word_1_137' title='bbox 638 2032 732 2057; x_wconf 87' lang='lat' dir='ltr'>aras.</span> 
     </span>
    </p>
   </div>
   <div class='ocr_carea' id='block_1_5' title="bbox 240 2121 1146 2429">
    <p class='ocr_par' dir='ltr' id='par_1_23' title="bbox 240 2121 1146 2429">
     <span class='ocr_line' id='line_1_25' title="bbox 240 2121 1146 2175; baseline -0.004 -13"><span class='ocrx_word' id='word_1_138' title='bbox 240 2125 396 2175; x_wconf 89' lang='lat' dir='ltr'>Quique</span> <span class='ocrx_word' id='word_1_139' title='bbox 425 2131 503 2162; x_wconf 88' lang='lat' dir='ltr'>tam</span> <span class='ocrx_word' id='word_1_140' title='bbox 532 2137 714 2174; x_wconf 80' lang='lat' dir='ltr'>praesens</span> <span class='ocrx_word' id='word_1_141' title='bbox 742 2124 833 2161; x_wconf 85' lang='lat' dir='ltr'>Tibi</span> <span class='ocrx_word' id='word_1_142' title='bbox 863 2121 1146 2173; x_wconf 71' lang='lat' dir='ltr'>supplicantum</span> 
     </span>
     <span class='ocr_line' id='line_1_26' title="bbox 240 2189 908 2234; baseline -0.001 -6"><span class='ocrx_word' id='word_1_143' title='bbox 240 2191 374 2229; x_wconf 84' lang='lat' dir='ltr'>Exitus</span> <span class='ocrx_word' id='word_1_144' title='bbox 403 2192 500 2228; x_wconf 87' lang='lat' dir='ltr'>votis</span> <span class='ocrx_word' id='word_1_145' title='bbox 531 2191 674 2228; x_wconf 84' lang='lat' dir='ltr'>tribuas</span> <span class='ocrx_word' id='word_1_146' title='bbox 703 2189 908 2234; x_wconf 85' lang='lat' dir='ltr'>secundos,</span> 
     </span>
     <span class='ocr_line' id='line_1_27' title="bbox 242 2254 1084 2307; baseline -0.006 -12"><span class='ocrx_word' id='word_1_147' title='bbox 242 2257 304 2295; x_wconf 88' lang='lat' dir='ltr'>Te</span> <span class='ocrx_word' id='word_1_148' title='bbox 332 2264 465 2307; x_wconf 87' lang='lat' dir='ltr'>petent</span> <span class='ocrx_word' id='word_1_149' title='bbox 494 2262 630 2305; x_wconf 86' lang='lat' dir='ltr'>gentes</span> <span class='ocrx_word' id='word_1_150' title='bbox 660 2257 730 2294; x_wconf 86' lang='lat' dir='ltr'>sub</span> <span class='ocrx_word' id='word_1_151' title='bbox 758 2262 920 2305; x_wconf 87' lang='lat' dir='ltr'>utroque</span> <span class='ocrx_word' id='word_1_152' title='bbox 949 2254 1084 2291; x_wconf 91' lang='lat' dir='ltr'>mundi</span> 
     </span>
     <span class='ocr_line' id='line_1_28' title="bbox 454 2322 750 2371; baseline -0.003 -11"><span class='ocrx_word' id='word_1_153' title='bbox 454 2323 540 2360; x_wconf 81' lang='lat' dir='ltr'>Axe</span> <span class='ocrx_word' id='word_1_154' title='bbox 566 2322 750 2371; x_wconf 77' lang='lat' dir='ltr'>Jacentes.</span> 
     </span>
     <span class='ocr_line' id='line_1_29' title="bbox 745 2401 766 2429; baseline 0 0"><span class='ocrx_word' id='word_1_155' title='bbox 745 2401 766 2429; x_wconf 95' lang='lat' dir='ltr'>c</span> 
     </span>
    </p>
   </div>
  </div>
 </body>
</html>
