1743 2844
669 326 840 357 POEMA
852 326 908 356 TA
939 325 995 356 SA
1004 325 1107 356 CRA.

416 509 467 540 IN
506 508 751 540 DOMINICA
789 508 840 539 IN
878 507 1028 539 RAMIS
1066 505 1357 537 PALMARUM.

425 627 576 675 Regem
605 626 819 675 pacificum,
851 626 1006 663 moenia
1036 625 1128 663 dum
1159 625 1257 662 subit

423 692 536 729 Urbis
566 691 666 728 celsa
694 703 797 736 suae,
826 691 935 728 turba
962 703 1081 727 manu
1109 691 1235 728 ferens

424 758 642 795 Palmarum
670 756 847 805 gravidos
877 756 990 793 obvia
1018 756 1196 800 termites,

532 822 681 860 Faustis
710 822 868 859 vocibus
898 821 1047 870 excipit.

426 924 503 961 Hic
532 923 649 961 laetas
679 922 818 971 spoliat
847 921 1046 958 frondibus
1076 921 1254 965 arbores;

426 990 503 1027 Hic
534 996 632 1026 serta
661 996 748 1025 ante
778 987 896 1036 pedes
925 987 1042 1023 florea
1072 987 1241 1035 projicit3

427 1054 597 1104 Supplex
626 1054 686 1091 ille
716 1066 854 1091 manus
883 1053 1065 1102 porrigit;
1096 1051 1156 1088 hic
1186 1052 1263 1088 suis

533 1119 696 1156 Terram
725 1118 891 1156 vestibus
921 1118 1077 1166 obtegit.

428 1220 517 1256 Heu
547 1226 696 1256 mentes
726 1218 952 1255 hominum!
1012 1216 1110 1263 Quis
1140 1216 1220 1254 fore
1252 1216 1432 1260 crederet,

428 1285 557 1331 Quem
587 1285 699 1322 tantis
729 1284 863 1321 studiis
893 1283 1085 1332 exciperet
1114 1282 1302 1331 frequens,

427 1350 520 1388 Post
549 1362 696 1399 paucos
725 1356 766 1386 ut
795 1361 884 1386 eum
913 1349 1021 1385 turba
1050 1347 1186 1384 eadem
1215 1347 1295 1385 dies

535 1415 719 1452 Suffixum
750 1414 964 1463 adspiceret
992 1413 1121 1450 cruci?

430 1515 495 1552 Nil
524 1516 562 1552 in
591 1513 665 1552 vita
693 1514 840 1552 homini
870 1520 1098 1562 perpetuum
1128 1512 1252 1549 datur.

429 1581 561 1618 Rebus
591 1593 639 1617 ne
669 1580 829 1617 nimium
859 1579 962 1615 fidite
991 1578 1195 1627 prosperis.

430 1647 658 1696 Plerumque
688 1645 748 1682 hic
776 1644 952 1694 lacrymis
981 1644 1121 1692 gaudia
1150 1650 1337 1692 temperat

536 1711 651 1749 Certo
681 1710 840 1749 consilio
870 1710 987 1747 Deus.

433 1799 604 1848 Simplex
635 1805 704 1836 etc.

1253 1862 1363 1900 Idem.

679 2020 730 2050 IN
769 2020 852 2051 DIE
888 2019 1121 2051 PASCHAE.

433 2127 600 2164 Ponatur
629 2127 802 2176 lacrymis
829 2128 909 2176 jam
937 2126 1089 2172 modus,
1119 2133 1155 2163 et
1185 2127 1294 2164 novis

432 2192 684 2241 Temploium
715 2199 895 2230 resonent
923 2193 1015 2229 atria
1044 2193 1210 2230 canticis.

430 2257 477 2294 In
507 2258 622 2294 vitam
651 2258 782 2295 reduci
812 2270 902 2295 nam
932 2257 1103 2295 Domino
1132 2270 1237 2296 sacer

537 2323 665 2361 Poscit
695 2323 877 2361 laetitiam
907 2323 999 2360 dies.
