1743 2844
501 330 802 361 EPIGRA-{MMA
815 329 871 359 TA
901 329 1134 360 SELECTA.

190 433 375 472 Virtutem
405 434 465 473 illa
494 442 597 472 tuam
629 441 711 472 toto
741 433 963 471 disseminat
993 433 1098 478 orbe,

242 498 421 549 Dumque
451 512 589 537 nocere
618 499 732 548 cupit,
761 499 814 536 sic
844 511 998 549 quoque
1029 510 1140 536 saeva
1165 498 1280 547 juvat.

746 639 877 671 XXIX.

653 741 702 771 IN
740 740 977 772 CRASSUM.

186 823 303 868 Quod
332 824 405 861 ruri
433 837 572 863 maneo
602 826 734 863 studiis
764 825 937 863 addictus
966 825 1149 870 honestis,

241 887 419 927 Rusticus
449 889 523 928 hoc
553 891 682 928 videor
713 891 881 937 nomine,
913 890 1064 935 Crasse,
1094 891 1172 928 tibi.

188 953 368 991 Rusticus
398 955 457 992 ille
486 955 642 1005 quidem
673 968 753 994 non
783 963 852 1002 est,
883 957 947 1006 qui
978 968 1066 994 rura
1094 968 1307 1005 pererrans,

242 1019 445 1068 Ingenium
474 1033 598 1058 rerum
629 1023 850 1071 cognitione
880 1022 991 1060 colit:

186 1086 237 1121 At
266 1091 317 1130 tu,
347 1086 411 1134 qui
441 1087 581 1124 nullam
612 1088 712 1125 nosti
742 1088 981 1126 stultissimus
1011 1095 1142 1133 artem,

239 1149 334 1187 Esse
364 1151 422 1189 vel
450 1153 488 1189 in
517 1153 645 1191 medi&
674 1155 836 1192 rusticus
865 1155 957 1192 urbe
987 1160 1108 1203 potes.

756 1300 868 1331 XXX.

657 1400 707 1431 IN
745 1399 973 1431 GAURUM.

183 1481 302 1522 Fama
331 1489 399 1527 est,
429 1482 502 1520 hoc
532 1495 635 1520 anno
665 1484 866 1521 morituros
896 1495 981 1520 esse
1010 1490 1171 1532 poetas:

237 1548 342 1595 Quid
369 1549 533 1585 metuis?
572 1548 624 1585 nil
654 1556 702 1591 te,
733 1548 874 1595 Gaure,
904 1549 1035 1586 timere
1065 1549 1186 1587 decet.

744 1692 878 1723 XXXI.

725 1790 899 1822 PAULO.

180 1874 260 1912 Das
289 1875 380 1911 mihi
408 1875 587 1918 lactucas,
617 1881 772 1913 centum
802 1874 870 1912 sed
899 1879 1030 1910 mutua
1059 1874 1209 1922 poscis:

233 1938 404 1977 Desine:
443 1940 622 1985 lactucas,
654 1940 780 1985 Paule,
809 1939 968 1976 minoris
997 1951 1096 1977 emo.

732 2088 885 2119 XXXII.

617 2190 669 2221 IN
707 2188 993 2220 PHAEDRAM.

177 2274 310 2322 Quum
339 2273 513 2311 Phaedra
542 2273 746 2323 Hippolyti
775 2272 956 2322 disjectos
986 2279 1156 2310 cerneret
1185 2279 1298 2320 artus,

231 2339 482 2389 Membraque
512 2346 589 2377 tarn
618 2339 746 2377 multis
776 2338 1072 2388 sanguinolenta
1099 2339 1205 2385 locis,

1398 335 1444 372 73
