1789 2875
814 313 985 346 POEMA
995 316 1053 347 TA
1080 318 1136 349 SA
1145 318 1247 350 CRA.

457 412 585 460 Adsis,
617 415 777 465 Christe,
808 432 954 468 precor,
985 420 1046 458 Tu
1076 422 1200 459 lucida
1229 422 1348 459 Patris
1378 422 1526 472 Imago,

510 479 701 532 Lucisque
731 491 768 522 et
796 486 892 523 vitae
921 486 1026 524 Fons
1055 494 1092 524 et
1122 487 1241 537 Origo
1270 490 1402 525 meae!

455 543 518 581 Tu
547 546 638 583 mihi
667 561 841 587 curarum
870 550 1049 599 Requies,
1080 552 1144 590 Tu
1172 553 1281 590 dulce
1310 553 1484 590 laborum

506 609 704 657 Lenimen,
736 616 901 653 tenebris
936 616 999 654 Tu
1027 618 1119 655 mihi
1148 625 1255 667 grata
1284 618 1429 666 Quies:

451 673 636 714 Exoriare
665 680 794 717 animo
824 682 988 720 melioris
1017 682 1184 723 Nuntius
1210 692 1325 731 ortus,

506 740 688 781 Exoriare
717 745 846 783 animo
877 746 1049 798 Spesque
1080 748 1264 799 Salusque
1293 752 1403 788 meo!

941 880 1100 907 CHORUS.

447 935 552 986 Ergo
582 940 646 977 ubi
675 954 777 980 nunc
807 950 882 989 tua,
912 944 1034 991 Mors,
1063 946 1228 991 victoria,
1255 945 1384 994 quisve
1413 945 1646 995 triumphus?

501 1001 634 1042 Cedite
663 1019 730 1045 vos
760 1011 950 1055 tenebrae,
982 1011 1227 1060 tristitiaeque
1256 1023 1412 1060 graves:

446 1065 538 1105 Fide
568 1069 678 1118 Deo,
721 1072 788 1111 Ille
815 1075 922 1124 jubet
950 1076 1098 1122 cadere,
1129 1077 1196 1113 Ille
1226 1089 1421 1126 resurgere
1450 1076 1560 1121 soles,

499 1133 832 1188 Omniparensque
863 1153 932 1179 suo
962 1141 1104 1180 lumine
1135 1149 1271 1181 cuncta
1298 1142 1427 1191 replet.

1456 1205 1509 1244 R.
1527 1205 1574 1242 B.
1590 1204 1644 1242 K.

679 1308 1019 1352 ‘IMMORTALIA
1055 1321 1119 1352 NE
1155 1305 1353 1353 SPERES.'

441 1411 590 1458 Forma,
622 1413 755 1463 Vigor,
786 1416 982 1462 Doctrina,
1013 1416 1153 1462 Decor,
1185 1417 1389 1466 Sapientia,
1420 1416 1548 1455 Virtus

495 1477 652 1516 Certum
680 1493 759 1518 uno
789 1481 937 1519 calcant
965 1482 1114 1519 tramite
1144 1482 1275 1519 mortis
1304 1483 1392 1519 iter:

438 1544 500 1587 At,
532 1557 580 1582 ne
609 1547 778 1585 mortalis
808 1560 959 1596 sperem
987 1547 1227 1592 immortalia,
1257 1559 1338 1584 non
1366 1559 1429 1584 me

492 1610 627 1648 Annus
657 1612 867 1661 deperiens,
899 1625 970 1650 nec
1000 1618 1130 1649 monet
1161 1611 1271 1649 Hora
1300 1611 1429 1660 fugax.

439 1674 555 1721 Quid,
586 1678 615 1714 si
646 1677 788 1715 Bruma
818 1678 942 1716 solum
972 1677 1159 1714 deformet
1187 1676 1354 1725 imagine
1382 1677 1457 1722 leti,

492 1741 591 1778 Vere
620 1743 761 1780 virente
790 1755 891 1780 novo
921 1755 999 1779 non
1029 1742 1218 1779 revirescit
1246 1742 1411 1780 humus?

436 1804 562 1844 Mutat
589 1813 687 1846 terra
715 1809 841 1855 vices3
881 1815 919 1846 at
947 1820 1073 1846 rerum
1103 1814 1239 1845 cuncta
1269 1820 1336 1856 per
1365 1808 1497 1845 orbern

490 1872 645 1911 Semina
673 1882 900 1912 conservant
928 1875 1151 1911 intemerata
1179 1885 1312 1922 genus.

436 1936 556 1987 Surge
586 1940 697 1989 igitur
724 1941 826 1986 mihi,
858 1939 982 1985 Mens,
1013 1946 1272 1987 terroremque
1303 1950 1399 1975 exue
1430 1938 1591 1987 Mortis;

488 2003 619 2053 Surge,
649 2006 803 2052 Anima,
832 2013 869 2043 et
897 2006 1022 2043 vivum
1052 2005 1207 2043 conscia
1236 2015 1354 2041 nosce
1384 2003 1522 2041 Deum.

433 2067 543 2106 Haec
573 2082 804 2120 quocunque
835 2084 924 2109 suae
951 2072 1104 2121 jaceant
1132 2071 1171 2107 in
1199 2070 1351 2119 pulvere
1381 2075 1500 2107 terrae

484 2133 661 2172 Membra
691 2136 915 2185 sepulchrali
947 2136 1161 2186 deperitura
1190 2136 1285 2180 situ,

432 2199 491 2236 Te
520 2211 583 2236 ver
612 2201 826 2238 immortale
855 2208 996 2246 manet,
1027 2200 1099 2246 Te,
1129 2200 1222 2237 Filia
1252 2200 1371 2246 Coeli,

484 2264 629 2302 Vestiet
659 2265 814 2304 aeterna
842 2266 926 2304 luce
955 2278 1134 2316 suprema
1164 2266 1251 2304 dies.

1440 2329 1626 2377 Welleslcy.
