<?xml version="1.0" encoding="UTF-8"?>
<!DOCTYPE html PUBLIC "-//W3C//DTD XHTML 1.0 Transitional//EN"
    "http://www.w3.org/TR/xhtml1/DTD/xhtml1-transitional.dtd">
<html xmlns="http://www.w3.org/1999/xhtml" xml:lang="en" lang="en">
 <head>
  <title>
</title>
<meta http-equiv="Content-Type" content="text/html;charset=utf-8" />
  <meta name='ocr-system' content='tesseract 3.04.00' />
  <meta name='ocr-capabilities' content='ocr_page ocr_carea ocr_par ocr_line ocrx_word'/>
</head>
<body>
  <div class='ocr_page' id='page_1' title='image "./arundinessturisi00kennuoft_0126.png"; bbox 0 0 1743 2844; ppageno 0'>
   <div class='ocr_carea' id='block_1_1' title="bbox 290 251 1130 285">
    <p class='ocr_par' dir='ltr' id='par_1_1' title="bbox 290 251 1130 285">
     <span class='ocr_line' id='line_1_1' title="bbox 290 251 1130 285; baseline 0.002 -3"><span class='ocrx_word' id='word_1_1' title='bbox 290 258 304 281; x_wconf 94' lang='lat' dir='ltr'>I</span> <span class='ocrx_word' id='word_1_2' title='bbox 318 258 362 283; x_wconf 86' lang='lat'>10</span> <span class='ocrx_word' id='word_1_3' title='bbox 696 251 863 283; x_wconf 79' lang='lat' dir='ltr'><em>POEMA</em></span> <span class='ocrx_word' id='word_1_4' title='bbox 873 252 931 283; x_wconf 81' lang='lat' dir='ltr'>TA</span> <span class='ocrx_word' id='word_1_5' title='bbox 971 252 1130 285; x_wconf 78' lang='lat' dir='ltr'><em>VARIA.</em></span> 
     </span>
    </p>
   </div>
   <div class='ocr_carea' id='block_1_2' title="bbox 284 357 1353 602">
    <p class='ocr_par' dir='ltr' id='par_1_2' title="bbox 284 357 1353 602">
     <span class='ocr_line' id='line_1_2' title="bbox 284 357 1291 409; baseline 0.004 -16"><span class='ocrx_word' id='word_1_6' title='bbox 284 357 456 406; x_wconf 86' lang='lat' dir='ltr'>Aspicis!</span> <span class='ocrx_word' id='word_1_7' title='bbox 497 357 589 406; x_wconf 89' lang='lat' dir='ltr'>Ipsa</span> <span class='ocrx_word' id='word_1_8' title='bbox 617 357 673 394; x_wconf 87' lang='lat' dir='ltr'>sui</span> <span class='ocrx_word' id='word_1_9' title='bbox 702 357 911 396; x_wconf 87' lang='lat' dir='ltr'>bacchatur</span> <span class='ocrx_word' id='word_1_10' title='bbox 939 359 1126 408; x_wconf 85' lang='lat' dir='ltr'>sanguine</span> <span class='ocrx_word' id='word_1_11' title='bbox 1155 358 1291 409; x_wconf 88' lang='lat' dir='ltr'>Regis,</span> 
     </span>
     <span class='ocr_line' id='line_1_3' title="bbox 284 423 1268 474; baseline 0.002 -15"><span class='ocrx_word' id='word_1_12' title='bbox 284 423 527 471; x_wconf 86' lang='lat' dir='ltr'>Barbaraque</span> <span class='ocrx_word' id='word_1_13' title='bbox 556 430 755 460; x_wconf 81' lang='lat' dir='ltr'>ostentans</span> <span class='ocrx_word' id='word_1_14' title='bbox 784 423 907 462; x_wconf 89' lang='lat' dir='ltr'>feralis</span> <span class='ocrx_word' id='word_1_15' title='bbox 938 425 1047 473; x_wconf 85' lang='lat' dir='ltr'>signa</span> <span class='ocrx_word' id='word_1_16' title='bbox 1077 425 1268 474; x_wconf 89' lang='lat' dir='ltr'>triumphi,</span> 
     </span>
     <span class='ocr_line' id='line_1_4' title="bbox 286 487 1201 539; baseline 0.003 -15"><span class='ocrx_word' id='word_1_17' title='bbox 286 487 392 525; x_wconf 85' lang='lat' dir='ltr'>Mole</span> <span class='ocrx_word' id='word_1_18' title='bbox 421 487 601 536; x_wconf 69' lang='lat' dir='ltr'>gigantea</span> <span class='ocrx_word' id='word_1_19' title='bbox 630 489 776 537; x_wconf 88' lang='lat' dir='ltr'>campis</span> <span class='ocrx_word' id='word_1_20' title='bbox 805 490 1021 538; x_wconf 87' lang='lat' dir='ltr'>prorumpit</span> <span class='ocrx_word' id='word_1_21' title='bbox 1050 491 1201 539; x_wconf 86' lang='lat' dir='ltr'>apertis,</span> 
     </span>
     <span class='ocr_line' id='line_1_5' title="bbox 288 553 1353 602; baseline 0.003 -12"><span class='ocrx_word' id='word_1_22' title='bbox 288 553 476 590; x_wconf 86' lang='lat' dir='ltr'>Successu</span> <span class='ocrx_word' id='word_1_23' title='bbox 506 553 700 598; x_wconf 87' lang='lat' dir='ltr'>scelerum,</span> <span class='ocrx_word' id='word_1_24' title='bbox 732 561 845 602; x_wconf 87' lang='lat' dir='ltr'>atque</span> <span class='ocrx_word' id='word_1_25' title='bbox 874 555 1018 592; x_wconf 87' lang='lat' dir='ltr'>insanis</span> <span class='ocrx_word' id='word_1_26' title='bbox 1046 556 1187 593; x_wconf 87' lang='lat' dir='ltr'>viribus</span> <span class='ocrx_word' id='word_1_27' title='bbox 1217 555 1353 592; x_wconf 82' lang='lat' dir='ltr'>audax.</span> 
     </span>
    </p>
   </div>
   <div class='ocr_carea' id='block_1_3' title="bbox 288 675 1289 854">
    <p class='ocr_par' dir='ltr' id='par_1_3' title="bbox 288 675 1289 854">
     <span class='ocr_line' id='line_1_6' title="bbox 288 675 1289 725; baseline 0.003 -13"><span class='ocrx_word' id='word_1_28' title='bbox 288 677 341 712; x_wconf 88' lang='lat' dir='ltr'>At</span> <span class='ocrx_word' id='word_1_29' title='bbox 370 687 445 724; x_wconf 87' lang='lat' dir='ltr'>qua</span> <span class='ocrx_word' id='word_1_30' title='bbox 474 675 596 712; x_wconf 83' lang='lat' dir='ltr'>Pestis</span> <span class='ocrx_word' id='word_1_31' title='bbox 625 681 733 712; x_wconf 86' lang='lat' dir='ltr'>atrox</span> <span class='ocrx_word' id='word_1_32' title='bbox 762 676 898 725; x_wconf 90' lang='lat' dir='ltr'>rapido</span> <span class='ocrx_word' id='word_1_33' title='bbox 928 688 968 713; x_wconf 90' lang='lat' dir='ltr'>se</span> <span class='ocrx_word' id='word_1_34' title='bbox 998 677 1145 715; x_wconf 84' lang='lat' dir='ltr'>turbine</span> <span class='ocrx_word' id='word_1_35' title='bbox 1171 679 1289 723; x_wconf 89' lang='lat' dir='ltr'>vertit,</span> 
     </span>
     <span class='ocr_line' id='line_1_7' title="bbox 290 739 1234 791; baseline 0.002 -12"><span class='ocrx_word' id='word_1_36' title='bbox 290 741 424 779; x_wconf 87' lang='lat' dir='ltr'>Cernis</span> <span class='ocrx_word' id='word_1_37' title='bbox 452 741 516 786; x_wconf 90' lang='lat' dir='ltr'>ibi,</span> <span class='ocrx_word' id='word_1_38' title='bbox 545 739 670 790; x_wconf 74' lang='lat' dir='ltr'>prisca</span> <span class='ocrx_word' id='word_1_39' title='bbox 699 753 850 778; x_wconf 92' lang='lat' dir='ltr'>morum</span> <span class='ocrx_word' id='word_1_40' title='bbox 880 753 1071 791; x_wconf 84' lang='lat' dir='ltr'>compage</span> <span class='ocrx_word' id='word_1_41' title='bbox 1101 743 1234 789; x_wconf 65' lang='lat' dir='ltr'>soluta,</span> 
     </span>
     <span class='ocr_line' id='line_1_8' title="bbox 290 805 1127 854; baseline 0.004 -11"><span class='ocrx_word' id='word_1_42' title='bbox 290 805 544 844; x_wconf 87' lang='lat' dir='ltr'>Procubuisse</span> <span class='ocrx_word' id='word_1_43' title='bbox 572 806 657 843; x_wconf 88' lang='lat' dir='ltr'>solo</span> <span class='ocrx_word' id='word_1_44' title='bbox 687 806 803 843; x_wconf 88' lang='lat' dir='ltr'>civilis</span> <span class='ocrx_word' id='word_1_45' title='bbox 832 806 989 845; x_wconf 83' lang='lat' dir='ltr'>foedera</span> <span class='ocrx_word' id='word_1_46' title='bbox 1017 809 1127 854; x_wconf 90' lang='lat' dir='ltr'>vitae,</span> 
     </span>
    </p>
   </div>
   <div class='ocr_carea' id='block_1_4' title="bbox 289 871 1526 987">
    <p class='ocr_par' dir='ltr' id='par_1_4' title="bbox 289 871 1526 987">
     <span class='ocr_line' id='line_1_9' title="bbox 289 871 1526 923; baseline 0.002 -13"><span class='ocrx_word' id='word_1_47' title='bbox 289 873 338 910; x_wconf 89' lang='lat' dir='ltr'>Et</span> <span class='ocrx_word' id='word_1_48' title='bbox 368 872 629 921; x_wconf 86' lang='lat' dir='ltr'>quodcunque</span> <span class='ocrx_word' id='word_1_49' title='bbox 658 871 784 918; x_wconf 74' lang='lat' dir='ltr'>Fides,</span> <span class='ocrx_word' id='word_1_50' title='bbox 815 873 1073 923; x_wconf 86' lang='lat' dir='ltr'>quodcunque</span> <span class='ocrx_word' id='word_1_51' title='bbox 1103 874 1217 912; x_wconf 85' lang='lat' dir='ltr'>habet</span> <span class='ocrx_word' id='word_1_52' title='bbox 1245 875 1344 912; x_wconf 89' lang='lat' dir='ltr'>alma</span> <span class='ocrx_word' id='word_1_53' title='bbox 1372 875 1526 912; x_wconf 89' lang='lat' dir='ltr'>verendi</span> 
     </span>
     <span class='ocr_line' id='line_1_10' title="bbox 292 936 1330 987; baseline 0.002 -12"><span class='ocrx_word' id='word_1_54' title='bbox 292 938 455 986; x_wconf 82' lang='lat' dir='ltr'>Religio,</span> <span class='ocrx_word' id='word_1_55' title='bbox 486 936 687 986; x_wconf 82' lang='lat' dir='ltr'>Pietasque</span> <span class='ocrx_word' id='word_1_56' title='bbox 718 945 754 975; x_wconf 89' lang='lat' dir='ltr'>et</span> <span class='ocrx_word' id='word_1_57' title='bbox 783 937 935 987; x_wconf 87' lang='lat' dir='ltr'>Legum</span> <span class='ocrx_word' id='word_1_58' title='bbox 964 939 1096 977; x_wconf 91' lang='lat' dir='ltr'>fraena</span> <span class='ocrx_word' id='word_1_59' title='bbox 1125 951 1330 978; x_wconf 88' lang='lat' dir='ltr'>sacrarum.</span> 
     </span>
    </p>
   </div>
   <div class='ocr_carea' id='block_1_5' title="bbox 293 1059 1425 1436">
    <p class='ocr_par' dir='ltr' id='par_1_5' title="bbox 293 1059 1425 1174">
     <span class='ocr_line' id='line_1_11' title="bbox 293 1059 1425 1110; baseline -0.001 -12"><span class='ocrx_word' id='word_1_60' title='bbox 293 1061 376 1098; x_wconf 92' lang='lat' dir='ltr'>Nec</span> <span class='ocrx_word' id='word_1_61' title='bbox 407 1072 495 1109; x_wconf 87' lang='lat' dir='ltr'>spes</span> <span class='ocrx_word' id='word_1_62' title='bbox 524 1059 634 1096; x_wconf 80' lang='lat' dir='ltr'>Pacis</span> <span class='ocrx_word' id='word_1_63' title='bbox 662 1059 1011 1097; x_wconf 87' lang='lat' dir='ltr'>adhuc—necdum</span> <span class='ocrx_word' id='word_1_64' title='bbox 1040 1067 1255 1099; x_wconf 81' lang='lat' dir='ltr'>exsaturata</span> <span class='ocrx_word' id='word_1_65' title='bbox 1283 1061 1425 1110; x_wconf 88' lang='lat' dir='ltr'>rapinis</span> 
     </span>
     <span class='ocr_line' id='line_1_12' title="bbox 293 1124 1157 1174; baseline 0 -12"><span class='ocrx_word' id='word_1_66' title='bbox 293 1125 424 1162; x_wconf 86' lang='lat' dir='ltr'>Effera</span> <span class='ocrx_word' id='word_1_67' title='bbox 453 1124 643 1169; x_wconf 70' lang='lat' dir='ltr'>Bellafflx,</span> <span class='ocrx_word' id='word_1_68' title='bbox 674 1124 806 1162; x_wconf 88' lang='lat' dir='ltr'>fusove</span> <span class='ocrx_word' id='word_1_69' title='bbox 835 1125 986 1174; x_wconf 83' lang='lat' dir='ltr'>expleta</span> <span class='ocrx_word' id='word_1_70' title='bbox 1015 1137 1157 1163; x_wconf 88' lang='lat' dir='ltr'>cruore.</span> 
     </span>
    </p>

    <p class='ocr_par' dir='ltr' id='par_1_6' title="bbox 294 1189 1391 1436">
     <span class='ocr_line' id='line_1_13' title="bbox 294 1189 1391 1240; baseline 0 -12"><span class='ocrx_word' id='word_1_71' title='bbox 294 1189 442 1228; x_wconf 84' lang='lat' dir='ltr'>Crescit</span> <span class='ocrx_word' id='word_1_72' title='bbox 470 1190 698 1227; x_wconf 83' lang='lat' dir='ltr'>inextinctus</span> <span class='ocrx_word' id='word_1_73' title='bbox 727 1189 859 1236; x_wconf 88' lang='lat' dir='ltr'>Furor,</span> <span class='ocrx_word' id='word_1_74' title='bbox 889 1196 1002 1239; x_wconf 88' lang='lat' dir='ltr'>atque</span> <span class='ocrx_word' id='word_1_75' title='bbox 1031 1198 1226 1228; x_wconf 83' lang='lat' dir='ltr'>exaestuat</span> <span class='ocrx_word' id='word_1_76' title='bbox 1255 1191 1391 1240; x_wconf 85' lang='lat' dir='ltr'>ingens</span> 
     </span>
     <span class='ocr_line' id='line_1_14' title="bbox 295 1255 1200 1304; baseline 0 -12"><span class='ocrx_word' id='word_1_77' title='bbox 295 1255 477 1301; x_wconf 86' lang='lat' dir='ltr'>Ambitio,</span> <span class='ocrx_word' id='word_1_78' title='bbox 508 1255 763 1304; x_wconf 86' lang='lat' dir='ltr'>immanisque</span> <span class='ocrx_word' id='word_1_79' title='bbox 792 1255 846 1293; x_wconf 72' lang='lat' dir='ltr'>ira</span> <span class='ocrx_word' id='word_1_80' title='bbox 875 1256 1041 1294; x_wconf 88' lang='lat' dir='ltr'>vindicta</span> <span class='ocrx_word' id='word_1_81' title='bbox 1069 1255 1200 1293; x_wconf 68' lang='lat' dir='ltr'>renata</span> 
     </span>
     <span class='ocr_line' id='line_1_15' title="bbox 299 1321 1327 1370; baseline 0 -12"><span class='ocrx_word' id='word_1_82' title='bbox 299 1321 505 1370; x_wconf 83' lang='lat' dir='ltr'>Relliquias</span> <span class='ocrx_word' id='word_1_83' title='bbox 538 1321 731 1358; x_wconf 81' lang='lat' dir='ltr'>soliorum</span> <span class='ocrx_word' id='word_1_84' title='bbox 760 1327 796 1358; x_wconf 89' lang='lat' dir='ltr'>et</span> <span class='ocrx_word' id='word_1_85' title='bbox 826 1321 951 1359; x_wconf 89' lang='lat' dir='ltr'>adhuc</span> <span class='ocrx_word' id='word_1_86' title='bbox 980 1322 1160 1359; x_wconf 86' lang='lat' dir='ltr'>restantia</span> <span class='ocrx_word' id='word_1_87' title='bbox 1190 1321 1327 1370; x_wconf 83' lang='lat' dir='ltr'>Regna</span> 
     </span>
     <span class='ocr_line' id='line_1_16' title="bbox 296 1386 1336 1436; baseline 0 -13"><span class='ocrx_word' id='word_1_88' title='bbox 296 1387 457 1435; x_wconf 82' lang='lat' dir='ltr'>Flagitat</span> <span class='ocrx_word' id='word_1_89' title='bbox 486 1386 648 1432; x_wconf 79' lang='lat' dir='ltr'>excidio,</span> <span class='ocrx_word' id='word_1_90' title='bbox 679 1387 923 1436; x_wconf 86' lang='lat' dir='ltr'>praedaeque</span> <span class='ocrx_word' id='word_1_91' title='bbox 953 1387 1141 1424; x_wconf 87' lang='lat' dir='ltr'>incumbit</span> <span class='ocrx_word' id='word_1_92' title='bbox 1170 1387 1336 1435; x_wconf 87' lang='lat' dir='ltr'>opimae.</span> 
     </span>
    </p>
   </div>
   <div class='ocr_carea' id='block_1_6' title="bbox 297 1507 1514 2263">
    <p class='ocr_par' dir='ltr' id='par_1_7' title="bbox 297 1507 1514 2213">
     <span class='ocr_line' id='line_1_17' title="bbox 297 1507 1335 1553; baseline -0.002 -7"><span class='ocrx_word' id='word_1_93' title='bbox 297 1508 386 1546; x_wconf 87' lang='lat' dir='ltr'>Una</span> <span class='ocrx_word' id='word_1_94' title='bbox 415 1508 556 1546; x_wconf 90' lang='lat' dir='ltr'>etenim</span> <span class='ocrx_word' id='word_1_95' title='bbox 586 1508 625 1544; x_wconf 88' lang='lat' dir='ltr'>in</span> <span class='ocrx_word' id='word_1_96' title='bbox 654 1508 789 1545; x_wconf 87' lang='lat' dir='ltr'>mediis</span> <span class='ocrx_word' id='word_1_97' title='bbox 820 1507 927 1546; x_wconf 85' lang='lat' dir='ltr'>Gens</span> <span class='ocrx_word' id='word_1_98' title='bbox 956 1508 1180 1545; x_wconf 86' lang='lat' dir='ltr'>intemerata</span> <span class='ocrx_word' id='word_1_99' title='bbox 1208 1507 1335 1553; x_wconf 87' lang='lat' dir='ltr'>ruinis,</span> 
     </span>
     <span class='ocr_line' id='line_1_18' title="bbox 299 1573 1245 1624; baseline -0.002 -13"><span class='ocrx_word' id='word_1_100' title='bbox 299 1575 490 1612; x_wconf 89' lang='lat' dir='ltr'>Libertate</span> <span class='ocrx_word' id='word_1_101' title='bbox 519 1573 653 1624; x_wconf 70' lang='lat' dir='ltr'>proba,</span> <span class='ocrx_word' id='word_1_102' title='bbox 684 1579 721 1610; x_wconf 89' lang='lat' dir='ltr'>et</span> <span class='ocrx_word' id='word_1_103' title='bbox 747 1574 849 1623; x_wconf 86' lang='lat' dir='ltr'>justo</span> <span class='ocrx_word' id='word_1_104' title='bbox 879 1574 1079 1611; x_wconf 85' lang='lat' dir='ltr'>libramine</span> <span class='ocrx_word' id='word_1_105' title='bbox 1107 1585 1245 1619; x_wconf 89' lang='lat' dir='ltr'>rerum,</span> 
     </span>
     <span class='ocr_line' id='line_1_19' title="bbox 301 1639 1244 1688; baseline -0.003 -11"><span class='ocrx_word' id='word_1_106' title='bbox 301 1640 486 1677; x_wconf 88' lang='lat' dir='ltr'>Securum</span> <span class='ocrx_word' id='word_1_107' title='bbox 515 1639 647 1676; x_wconf 82' lang='lat' dir='ltr'>faustis</span> <span class='ocrx_word' id='word_1_108' title='bbox 677 1639 780 1688; x_wconf 82' lang='lat' dir='ltr'>degit</span> <span class='ocrx_word' id='word_1_109' title='bbox 810 1640 881 1676; x_wconf 91' lang='lat' dir='ltr'>sub</span> <span class='ocrx_word' id='word_1_110' title='bbox 910 1639 1058 1687; x_wconf 82' lang='lat' dir='ltr'>legibus</span> <span class='ocrx_word' id='word_1_111' title='bbox 1087 1650 1244 1684; x_wconf 86' lang='lat' dir='ltr'>aevum;</span> 
     </span>
     <span class='ocr_line' id='line_1_20' title="bbox 300 1703 1262 1754; baseline -0.002 -12"><span class='ocrx_word' id='word_1_112' title='bbox 300 1705 566 1754; x_wconf 88' lang='lat' dir='ltr'>Antiquosque</span> <span class='ocrx_word' id='word_1_113' title='bbox 597 1704 686 1741; x_wconf 87' lang='lat' dir='ltr'>colit</span> <span class='ocrx_word' id='word_1_114' title='bbox 714 1716 852 1750; x_wconf 82' lang='lat' dir='ltr'>mores,</span> <span class='ocrx_word' id='word_1_115' title='bbox 883 1711 918 1741; x_wconf 88' lang='lat' dir='ltr'>et</span> <span class='ocrx_word' id='word_1_116' title='bbox 945 1705 1029 1753; x_wconf 89' lang='lat' dir='ltr'>jura</span> <span class='ocrx_word' id='word_1_117' title='bbox 1057 1703 1262 1741; x_wconf 86' lang='lat' dir='ltr'>Parentum</span> 
     </span>
     <span class='ocr_line' id='line_1_21' title="bbox 302 1770 1238 1825; baseline -0.002 -17"><span class='ocrx_word' id='word_1_118' title='bbox 302 1771 445 1825; x_wconf 78' lang='lat' dir='ltr'>Ordine</span> <span class='ocrx_word' id='word_1_119' title='bbox 475 1771 584 1807; x_wconf 83' lang='lat' dir='ltr'>firma</span> <span class='ocrx_word' id='word_1_120' title='bbox 613 1782 696 1816; x_wconf 89' lang='lat' dir='ltr'>suo,</span> <span class='ocrx_word' id='word_1_121' title='bbox 727 1782 899 1820; x_wconf 85' lang='lat' dir='ltr'>sanoque</span> <span class='ocrx_word' id='word_1_122' title='bbox 927 1770 1070 1807; x_wconf 86' lang='lat' dir='ltr'>intacta</span> <span class='ocrx_word' id='word_1_123' title='bbox 1098 1770 1238 1818; x_wconf 85' lang='lat' dir='ltr'>vigore,</span> 
     </span>
     <span class='ocr_line' id='line_1_22' title="bbox 302 1833 1514 1884; baseline -0.002 -11"><span class='ocrx_word' id='word_1_124' title='bbox 302 1837 432 1874; x_wconf 84' lang='lat' dir='ltr'>Servat</span> <span class='ocrx_word' id='word_1_125' title='bbox 462 1836 597 1881; x_wconf 83' lang='lat' dir='ltr'>adhuc,</span> <span class='ocrx_word' id='word_1_126' title='bbox 627 1836 906 1884; x_wconf 80' lang='lat' dir='ltr'>hominumque</span> <span class='ocrx_word' id='word_1_127' title='bbox 935 1835 1063 1880; x_wconf 88' lang='lat' dir='ltr'>fidem,</span> <span class='ocrx_word' id='word_1_128' title='bbox 1094 1846 1300 1884; x_wconf 87' lang='lat' dir='ltr'>curamque</span> <span class='ocrx_word' id='word_1_129' title='bbox 1330 1833 1514 1872; x_wconf 86' lang='lat' dir='ltr'>Deorum.</span> 
     </span>
     <span class='ocr_line' id='line_1_23' title="bbox 302 1900 1338 1951; baseline -0.002 -12"><span class='ocrx_word' id='word_1_130' title='bbox 302 1903 432 1939; x_wconf 84' lang='lat' dir='ltr'>Eheu!</span> <span class='ocrx_word' id='word_1_131' title='bbox 473 1908 616 1950; x_wconf 85' lang='lat' dir='ltr'>quanta</span> <span class='ocrx_word' id='word_1_132' title='bbox 645 1902 743 1939; x_wconf 91' lang='lat' dir='ltr'>odiis</span> <span class='ocrx_word' id='word_1_133' title='bbox 774 1901 963 1951; x_wconf 88' lang='lat' dir='ltr'>avidoque</span> <span class='ocrx_word' id='word_1_134' title='bbox 993 1901 1173 1938; x_wconf 86' lang='lat' dir='ltr'>alimenta</span> <span class='ocrx_word' id='word_1_135' title='bbox 1202 1900 1338 1938; x_wconf 84' lang='lat' dir='ltr'>furori!</span> 
     </span>
     <span class='ocr_line' id='line_1_24' title="bbox 303 1967 1194 2017; baseline -0.002 -12"><span class='ocrx_word' id='word_1_136' title='bbox 303 1969 458 2015; x_wconf 86' lang='lat' dir='ltr'>Quanta</span> <span class='ocrx_word' id='word_1_137' title='bbox 485 1967 707 2017; x_wconf 84' lang='lat' dir='ltr'>profanatas</span> <span class='ocrx_word' id='word_1_138' title='bbox 736 1968 832 2005; x_wconf 88' lang='lat' dir='ltr'>inter</span> <span class='ocrx_word' id='word_1_139' title='bbox 861 1967 1082 2016; x_wconf 86' lang='lat' dir='ltr'>spoliabitur</span> <span class='ocrx_word' id='word_1_140' title='bbox 1110 1978 1194 2004; x_wconf 86' lang='lat' dir='ltr'>aras</span> 
     </span>
     <span class='ocr_line' id='line_1_25' title="bbox 303 2030 1213 2081; baseline -0.001 -13"><span class='ocrx_word' id='word_1_141' title='bbox 303 2033 490 2070; x_wconf 82' lang='lat' dir='ltr'>Victima!</span> <span class='ocrx_word' id='word_1_142' title='bbox 530 2033 560 2070; x_wconf 91' lang='lat' dir='ltr'>si</span> <span class='ocrx_word' id='word_1_143' title='bbox 590 2032 748 2081; x_wconf 87' lang='lat' dir='ltr'>quando</span> <span class='ocrx_word' id='word_1_144' title='bbox 778 2033 897 2069; x_wconf 88' lang='lat' dir='ltr'>versis</span> <span class='ocrx_word' id='word_1_145' title='bbox 925 2031 1100 2068; x_wconf 85' lang='lat' dir='ltr'>Victoria</span> <span class='ocrx_word' id='word_1_146' title='bbox 1129 2030 1213 2068; x_wconf 83' lang='lat' dir='ltr'>fatis</span> 
     </span>
     <span class='ocr_line' id='line_1_26' title="bbox 306 2095 1288 2146; baseline -0.002 -11"><span class='ocrx_word' id='word_1_147' title='bbox 306 2098 492 2135; x_wconf 88' lang='lat' dir='ltr'>Annuerit</span> <span class='ocrx_word' id='word_1_148' title='bbox 520 2098 643 2136; x_wconf 84' lang='lat' dir='ltr'>scelus</span> <span class='ocrx_word' id='word_1_149' title='bbox 673 2104 897 2142; x_wconf 82' lang='lat' dir='ltr'>extremum,</span> <span class='ocrx_word' id='word_1_150' title='bbox 928 2095 1100 2146; x_wconf 66' lang='lat' dir='ltr'>terraque</span> <span class='ocrx_word' id='word_1_151' title='bbox 1130 2095 1288 2134; x_wconf 68' lang='lat' dir='ltr'>subacta</span> 
     </span>
     <span class='ocr_line' id='line_1_27' title="bbox 305 2161 1275 2213; baseline -0.001 -14"><span class='ocrx_word' id='word_1_152' title='bbox 305 2163 451 2212; x_wconf 87' lang='lat' dir='ltr'>Impius</span> <span class='ocrx_word' id='word_1_153' title='bbox 481 2162 629 2200; x_wconf 87' lang='lat' dir='ltr'>Oceani</span> <span class='ocrx_word' id='word_1_154' title='bbox 660 2169 854 2213; x_wconf 82' lang='lat' dir='ltr'>sceptrum</span> <span class='ocrx_word' id='word_1_155' title='bbox 885 2161 1090 2201; x_wconf 85' lang='lat' dir='ltr'>foedaverit</span> <span class='ocrx_word' id='word_1_156' title='bbox 1119 2161 1275 2199; x_wconf 88' lang='lat' dir='ltr'>Hostis!</span> 
     </span>
    </p>

    <p class='ocr_par' dir='ltr' id='par_1_8' title="bbox 1322 2225 1504 2263">
     <span class='ocr_line' id='line_1_28' title="bbox 1322 2225 1504 2263; baseline -0.005 0"><span class='ocrx_word' id='word_1_157' title='bbox 1322 2225 1474 2263; x_wconf 67' lang='lat' dir='ltr'>I‘Vellesle</span> <span class='ocrx_word' id='word_1_158' title='bbox 1486 2239 1504 2262; x_wconf 69' lang='lat'>1.</span> 
     </span>
    </p>
   </div>
  </div>
 </body>
</html>
