1743 2844
252 309 300 344 66
614 315 663 346 M.
697 315 920 347 ANTONII
944 314 1151 346 MURETJ

856 484 901 514 X.

320 594 372 624 IN
407 593 686 625 VIRGILIUM.
746 594 998 625 VIRGILIUS
1035 594 1136 625 IPSE
1171 593 1439 634 LOQUITUR.

254 688 333 726 Cor
362 688 519 734 Phoebi,
551 689 730 727 Phoebus
760 689 868 736 Latii,
897 696 1026 726 vatum
1055 697 1162 739 pater
1191 697 1227 728 et
1256 703 1334 735 rex,

309 755 414 792 Fons
443 768 490 792 ex
521 767 597 804 quo
627 756 778 792 Aoniae
807 756 951 804 prosilit
981 755 1119 793 humor
1148 768 1281 805 aquae,

257 821 328 858 Par
358 821 437 858 fieri
467 821 578 866 volui,
610 822 733 870 major
762 821 830 859 sed
860 820 982 857 factus
1014 820 1202 866 Homero,

311 886 357 923 In
388 885 557 924 Graecos
590 886 741 923 Romae
767 886 852 935 jura
882 885 1050 923 secunda
1080 886 1187 922 dedi:

257 952 319 988 Ad
350 952 481 990 coelos
511 953 667 990 tandem
696 959 840 1001 raptus,
870 950 967 1001 Jove
994 951 1135 1000 judice,
1165 951 1272 988 dicor

313 1017 501 1055 Nectarefi
529 1018 681 1055 illorum
710 1018 861 1054 vincere
891 1029 986 1054 voce
1018 1029 1146 1054 sonos.

858 1195 921 1226 XI.

304 1305 558 1337 GULIELMO
595 1305 864 1345 MOMBASIO,
902 1304 1131 1336 EPISCOPO
1167 1304 1482 1336 LECTORENSI.

267 1402 387 1447 Quod
415 1408 494 1438 tam
525 1400 691 1438 censeris
721 1412 913 1449 generoso
944 1400 1143 1448 sanguine,
1176 1399 1343 1445 Praesul,

321 1466 516 1515 Quodque
547 1478 588 1503 es
618 1473 697 1502 tam
726 1465 855 1503 multis
886 1466 1010 1503 clarus
1042 1466 1284 1515 imaginibus,

269 1534 339 1571 Illa
369 1533 522 1582 quidem
554 1539 653 1569 certe
682 1532 763 1569 laus
793 1539 849 1569 est
878 1544 959 1569 non
988 1532 1129 1577 infima,
1161 1532 1227 1569 sed
1256 1544 1354 1581 quae

327 1599 430 1636 Tota
460 1599 509 1635 ad
539 1599 705 1647 majores
737 1599 782 1635 sit
811 1597 1010 1635 reserenda
1039 1604 1138 1635 tuos.

274 1664 393 1711 Quod
423 1676 579 1712 superas
609 1663 748 1713 opibus
778 1663 932 1709 multos,
964 1663 1068 1712 quod
1097 1663 1310 1700 honoribus
1340 1662 1473 1706 anteis,

328 1730 521 1767 Fortunae
553 1729 649 1766 haec
680 1729 753 1766 dici
784 1741 943 1765 munera
972 1741 1087 1778 posse
1118 1728 1234 1765 vides.

277 1793 395 1840 Quod
425 1792 475 1830 sis
505 1799 668 1841 augusto
698 1792 929 1840 spectandus
960 1803 1133 1839 corpore,
1164 1790 1293 1828 forsan

332 1858 480 1896 Natura
507 1858 606 1894 hanc
636 1857 766 1894 dotem
795 1857 960 1894 vindicet
991 1857 1073 1906 ipsa
1104 1857 1185 1893 sibi.

280 1926 332 1962 At
361 1924 467 1973 quod
495 1930 573 1960 tam
603 1923 729 1960 multis
759 1922 881 1972 fulges
910 1923 1108 1960 virtutibus
1142 1929 1255 1971 atque

333 1990 494 2027 Eximiis
522 1990 594 2027 rari
625 1990 777 2027 dotibus
806 1989 962 2038 ingenii,

284 2058 478 2105 Quodque
507 2057 580 2093 tuis
607 2055 734 2093 lucem
762 2055 953 2105 praeferre
983 2055 1189 2104 nepotibus
1219 2054 1330 2099 illam,

339 2123 468 2169 Quam
496 2123 561 2159 tibi
592 2122 758 2171 majores
787 2129 874 2159 ante
903 2121 1034 2167 tulere,
1066 2128 1203 2170 potes:

287 2189 397 2226 Haec
438 2187 594 2225 demum
636 2194 693 2224 est
733 2194 798 2224 tua
839 2187 944 2224 laus:
995 2185 1100 2232 haee,
1142 2185 1309 2231 Praesul,
1353 2184 1436 2221 laus
1479 2190 1544 2220 tua

449 2254 605 2291 demum
635 2259 714 2290 est:

341 2319 431 2357 Una
459 2319 554 2357 haec
583 2327 618 2357 te
650 2319 794 2368 superis
824 2318 953 2356 inserit
981 2316 1190 2354 ordinibus.

1692 2743 1713 2826 §ss
