1743 2844
249 274 263 297 Ι
277 275 290 298 1
301 264 322 299 8
656 266 828 297 POEMA
838 266 898 296 TA
936 266 1096 298 VARJA.

243 372 443 409 Maeandri
474 372 522 409 ad
551 372 673 420 ripam
702 371 871 416 viridem,
901 370 1085 420 violisque
1119 370 1252 407 nitenti

241 438 287 473 In
317 437 500 482 convalle,
530 437 641 474 refert
670 438 734 474 ubi
765 437 926 474 suaviter
954 437 1047 473 orba
1076 436 1199 473 mariti

243 502 315 539 Per
345 510 480 540 noctes
511 502 723 539 Philomela
752 513 863 539 suum
892 502 957 538 tibi
987 501 1113 539 flebile
1142 513 1320 547 carmem

244 566 387 604 Nonne
417 574 529 616 potes
558 567 715 604 fratrum
743 572 784 603 tu
812 579 880 616 par
905 567 1080 615 juvenile,
1109 567 1239 616 tuique

244 632 415 670 Narcissi
444 633 607 670 formam
635 632 814 677 referens,
843 632 936 668 mihi
965 633 1153 681 prodere?
1194 632 1305 679 Quos
1335 633 1366 670 si

244 697 358 735 Forte
388 699 458 735 sub
488 698 670 734 umbroso
701 698 906 746 praetextis
934 697 1092 735 floribus
1120 704 1228 735 antro

244 764 448 801 Abdideris
477 762 620 812 procul,
651 761 686 800 O
720 762 878 799 ubinam
908 763 963 807 sit,
994 762 1054 800 dic
1082 763 1198 810 mihi;
1238 763 1341 801 fandi

244 829 366 866 Dulce
395 829 558 877 loquens
587 827 750 877 Regina,
781 828 911 865 canori
940 828 1034 865 Filia
1063 828 1195 866 Coeli!

247 947 307 982 Sic
338 953 375 982 tu
405 945 504 981 Diva
533 946 649 982 abeas
678 956 791 994 super
821 944 996 991 aethera;
1037 945 1340 995 coelicolfimque

247 1011 308 1048 Sic
342 1012 458 1048 decus
488 1010 699 1048 altisonans
727 1011 980 1048 concentibus
1008 1011 1189 1048 omnibus
1220 1011 1363 1048 addas!

1332 1076 1506 1113 Lallzczm.

808 1213 943 1244 XXXI.

671 1336 859 1367 CELATA
895 1336 1088 1368 VIRTUS.

356 1445 440 1481 Full
468 1456 583 1494 many
612 1456 634 1480 a
662 1456 752 1492 gem
781 1443 826 1481 of
852 1450 980 1493 purest
1008 1456 1075 1494 ray
1104 1455 1236 1482 serene

411 1511 498 1547 The
530 1510 623 1548 dark
652 1509 891 1547 unfathom’d
922 1522 1032 1548 caves
1062 1510 1105 1548 of
1129 1522 1251 1548 ocean
1280 1512 1392 1558 bear;

358 1577 440 1614 Full
469 1589 585 1625 many
614 1589 636 1613 a
664 1576 793 1613 flower
821 1577 852 1613 is
880 1577 977 1613 born
1006 1582 1046 1614 to
1074 1576 1187 1614 blush
1216 1589 1373 1622 unseen,

410 1641 502 1679 And
530 1647 645 1679 waste
673 1642 720 1678 its
749 1648 953 1679 sweetness
982 1653 1034 1678 on
1062 1641 1125 1679 the
1155 1642 1281 1680 desert
1309 1644 1374 1680 air.

1390 1708 1507 1757 Grcys.

632 1822 814 1853 LATINE
852 1823 1071 1854 REDDITU
1078 1823 1127 1855 M.

362 1919 528 1956 Plurima
556 1920 765 1968 praestanti
794 1919 948 1957 radians
978 1918 1140 1968 fulgore,
1172 1920 1243 1958 sub
1273 1921 1389 1957 antris

413 1986 603 2034 Aequoris
633 1986 810 2022 immensi
839 1997 995 2034 gemma
1024 1985 1170 2035 sepulta
1198 1985 1287 2024 latet
1302 2000 1312 2032 ;

360 2048 550 2085 Plurimus
580 2047 713 2097 ignota
744 2056 911 2085 secretus
940 2048 1107 2085 nascitur
1136 2047 1214 2094 ora,

415 2113 463 2150 Et
493 2113 601 2150 rubet
630 2114 678 2151 ad
707 2125 867 2151 vacuam
897 2113 979 2159 flos,
1010 2113 1246 2162 redoletque,
1277 2113 1390 2151 diem.

1339 2175 1512 2214 Lashom.
