<?xml version="1.0" encoding="UTF-8"?>
<!DOCTYPE html PUBLIC "-//W3C//DTD XHTML 1.0 Transitional//EN"
    "http://www.w3.org/TR/xhtml1/DTD/xhtml1-transitional.dtd">
<html xmlns="http://www.w3.org/1999/xhtml" xml:lang="en" lang="en">
 <head>
  <title>
</title>
<meta http-equiv="Content-Type" content="text/html;charset=utf-8" />
  <meta name='ocr-system' content='tesseract 3.04.00' />
  <meta name='ocr-capabilities' content='ocr_page ocr_carea ocr_par ocr_line ocrx_word'/>
</head>
<body>
  <div class='ocr_page' id='page_1' title='image "./arundinessturisi00kennuoft_0023.png"; bbox 0 0 1789 2875; ppageno 0'>
   <div class='ocr_carea' id='block_1_1' title="bbox 519 321 1376 357">
    <p class='ocr_par' dir='ltr' id='par_1_1' title="bbox 519 321 1376 357">
     <span class='ocr_line' id='line_1_1' title="bbox 519 321 1376 357; baseline -0.009 -2"><span class='ocrx_word' id='word_1_1' title='bbox 519 324 679 355; x_wconf 80' lang='lat' dir='ltr'><em>CANTA</em></span> <span class='ocrx_word' id='word_1_2' title='bbox 692 323 752 353; x_wconf 90' lang='lat' dir='ltr'>TE</span> <span class='ocrx_word' id='word_1_3' title='bbox 779 321 989 353; x_wconf 80' lang='lat' dir='ltr'><em>DOMINO.</em></span> <span class='ocrx_word' id='word_1_4' title='bbox 1360 322 1376 357; x_wconf 89' lang='lat'>7</span> 
     </span>
    </p>
   </div>
   <div class='ocr_carea' id='block_1_2' title="bbox 293 426 1109 866">
    <p class='ocr_par' dir='ltr' id='par_1_2' title="bbox 293 426 984 535">
     <span class='ocr_line' id='line_1_2' title="bbox 293 426 984 478; baseline -0.007 -11"><span class='ocrx_word' id='word_1_5' title='bbox 293 430 446 478; x_wconf 82' lang='lat' dir='ltr'>Quique</span> <span class='ocrx_word' id='word_1_6' title='bbox 475 439 689 478; x_wconf 84' lang='lat' dir='ltr'>pennarum</span> <span class='ocrx_word' id='word_1_7' title='bbox 718 426 829 463; x_wconf 90' lang='lat' dir='ltr'>celeri</span> <span class='ocrx_word' id='word_1_8' title='bbox 859 426 984 463; x_wconf 80' lang='lat' dir='ltr'>volatu</span> 
     </span>
     <span class='ocr_line' id='line_1_3' title="bbox 348 492 746 535; baseline -0.01 -5"><span class='ocrx_word' id='word_1_9' title='bbox 348 493 501 531; x_wconf 85' lang='lat' dir='ltr'>Metitur</span> <span class='ocrx_word' id='word_1_10' title='bbox 529 492 606 529; x_wconf 86' lang='lat' dir='ltr'>ales</span> <span class='ocrx_word' id='word_1_11' title='bbox 635 495 746 535; x_wconf 83' lang='lat' dir='ltr'>a&#39;e&#39;ra3</span> 
     </span>
    </p>

    <p class='ocr_par' dir='ltr' id='par_1_3' title="bbox 295 555 978 672">
     <span class='ocr_line' id='line_1_4' title="bbox 295 555 978 607; baseline -0.006 -11"><span class='ocrx_word' id='word_1_12' title='bbox 295 558 447 607; x_wconf 88' lang='lat' dir='ltr'>Quique</span> <span class='ocrx_word' id='word_1_13' title='bbox 476 558 680 606; x_wconf 82' lang='lat' dir='ltr'>pinnarum</span> <span class='ocrx_word' id='word_1_14' title='bbox 709 555 818 593; x_wconf 87' lang='lat' dir='ltr'>celeri</span> <span class='ocrx_word' id='word_1_15' title='bbox 849 562 978 592; x_wconf 81' lang='lat' dir='ltr'>natatu</span> 
     </span>
     <span class='ocr_line' id='line_1_5' title="bbox 349 622 871 672; baseline -0.004 -13"><span class='ocrx_word' id='word_1_16' title='bbox 349 622 468 660; x_wconf 85' lang='lat' dir='ltr'>Piscis</span> <span class='ocrx_word' id='word_1_17' title='bbox 498 627 665 672; x_wconf 83' lang='lat' dir='ltr'>pererrat</span> <span class='ocrx_word' id='word_1_18' title='bbox 692 632 871 669; x_wconf 76' lang='lat' dir='ltr'>aequora.</span> 
     </span>
    </p>

    <p class='ocr_par' dir='ltr' id='par_1_4' title="bbox 298 687 1109 800">
     <span class='ocr_line' id='line_1_6' title="bbox 298 687 1109 736; baseline -0.002 -11"><span class='ocrx_word' id='word_1_19' title='bbox 298 687 434 725; x_wconf 85' lang='lat' dir='ltr'>Gentis</span> <span class='ocrx_word' id='word_1_20' title='bbox 463 687 654 724; x_wconf 81' lang='lat' dir='ltr'><strong>humanae</strong></span> <span class='ocrx_word' id='word_1_21' title='bbox 683 693 790 734; x_wconf 82' lang='lat' dir='ltr'>pater</span> <span class='ocrx_word' id='word_1_22' title='bbox 820 692 936 736; x_wconf 81' lang='lat' dir='ltr'>atque</span> <span class='ocrx_word' id='word_1_23' title='bbox 966 692 1109 730; x_wconf 75' lang='lat' dir='ltr'>custos,</span> 
     </span>
     <span class='ocr_line' id='line_1_7' title="bbox 352 752 933 800; baseline -0.003 -10"><span class='ocrx_word' id='word_1_24' title='bbox 352 753 480 800; x_wconf 80' lang='lat' dir='ltr'>Quam</span> <span class='ocrx_word' id='word_1_25' title='bbox 510 759 643 790; x_wconf 77' lang='lat' dir='ltr'>sancta</span> <span class='ocrx_word' id='word_1_26' title='bbox 671 752 851 800; x_wconf 84' lang='lat' dir='ltr'>majestas</span> <span class='ocrx_word' id='word_1_27' title='bbox 881 752 933 789; x_wconf 89' lang='lat' dir='ltr'>tui</span> 
     </span>
    </p>

    <p class='ocr_par' dir='ltr' id='par_1_5' title="bbox 299 817 1029 866">
     <span class='ocr_line' id='line_1_8' title="bbox 299 817 1029 866; baseline -0.003 -11"><span class='ocrx_word' id='word_1_28' title='bbox 299 818 478 856; x_wconf 86' lang='lat' dir='ltr'>Nominis</span> <span class='ocrx_word' id='word_1_29' title='bbox 507 825 623 855; x_wconf 82' lang='lat' dir='ltr'>terras</span> <span class='ocrx_word' id='word_1_30' title='bbox 653 817 851 866; x_wconf 83' lang='lat' dir='ltr'><strong>stupefecit</strong></span> <span class='ocrx_word' id='word_1_31' title='bbox 881 829 1029 861; x_wconf 84' lang='lat' dir='ltr'>omnes,</span> 
     </span>
    </p>
   </div>
   <div class='ocr_carea' id='block_1_3' title="bbox 355 882 1287 984">
    <p class='ocr_par' dir='ltr' id='par_1_6' title="bbox 355 882 1287 984">
     <span class='ocr_line' id='line_1_9' title="bbox 355 882 982 933; baseline -0.003 -12"><span class='ocrx_word' id='word_1_32' title='bbox 355 884 419 921; x_wconf 88' lang='lat' dir='ltr'>Sol</span> <span class='ocrx_word' id='word_1_33' title='bbox 450 895 544 933; x_wconf 84' lang='lat' dir='ltr'>quas</span> <span class='ocrx_word' id='word_1_34' title='bbox 574 895 771 921; x_wconf 83' lang='lat' dir='ltr'>recurrens</span> <span class='ocrx_word' id='word_1_35' title='bbox 800 882 982 932; x_wconf 84' lang='lat' dir='ltr'>adspicit!</span> 
     </span>
     <span class='ocr_line' id='line_1_10' title="bbox 1022 945 1287 984; baseline 0.004 -2"><span class='ocrx_word' id='word_1_36' title='bbox 1022 945 1287 984; x_wconf 67' lang='lat' dir='ltr'>Buchanamcs.</span> 
     </span>
    </p>
   </div>
   <div class='ocr_carea' id='block_1_4' title="bbox 658 1097 893 1129">
    <p class='ocr_par' dir='ltr' id='par_1_7' title="bbox 658 1097 893 1129">
     <span class='ocr_line' id='line_1_11' title="bbox 658 1097 893 1129; baseline 0 -1"><span class='ocrx_word' id='word_1_37' title='bbox 658 1098 787 1129; x_wconf 85' lang='lat' dir='ltr'><strong>PSAL.</strong></span> <span class='ocrx_word' id='word_1_38' title='bbox 818 1097 893 1128; x_wconf 79' lang='lat' dir='ltr'>XV.</span> 
     </span>
    </p>
   </div>
   <div class='ocr_carea' id='block_1_5' title="bbox 147 1203 1392 2171">
    <p class='ocr_par' dir='ltr' id='par_1_8' title="bbox 147 1203 1342 1311">
     <span class='ocr_line' id='line_1_12' title="bbox 147 1203 1342 1254; baseline -0.003 -10"><span class='ocrx_word' id='word_1_39' title='bbox 147 1207 348 1254; x_wconf 78' lang='lat' dir='ltr'>Quisnam,</span> <span class='ocrx_word' id='word_1_40' title='bbox 379 1206 415 1245; x_wconf 88' lang='lat' dir='ltr'>O</span> <span class='ocrx_word' id='word_1_41' title='bbox 446 1206 531 1244; x_wconf 82' lang='lat' dir='ltr'>Rex</span> <span class='ocrx_word' id='word_1_42' title='bbox 559 1212 724 1251; x_wconf 85' lang='lat' dir='ltr'>aeterne,</span> <span class='ocrx_word' id='word_1_43' title='bbox 754 1211 859 1242; x_wconf 78' lang='lat' dir='ltr'>tuam</span> <span class='ocrx_word' id='word_1_44' title='bbox 889 1203 1107 1241; x_wconf 84' lang='lat' dir='ltr'>admittetur</span> <span class='ocrx_word' id='word_1_45' title='bbox 1137 1204 1175 1239; x_wconf 91' lang='lat' dir='ltr'>in</span> <span class='ocrx_word' id='word_1_46' title='bbox 1205 1203 1342 1245; x_wconf 76' lang='lat' dir='ltr'>aulam.</span> 
     </span>
     <span class='ocr_line' id='line_1_13' title="bbox 201 1269 1044 1311; baseline -0.006 -1"><span class='ocrx_word' id='word_1_47' title='bbox 201 1273 274 1311; x_wconf 90' lang='lat' dir='ltr'>Cui</span> <span class='ocrx_word' id='word_1_48' title='bbox 303 1273 451 1311; x_wconf 83' lang='lat' dir='ltr'>dabitur</span> <span class='ocrx_word' id='word_1_49' title='bbox 479 1272 621 1309; x_wconf 87' lang='lat' dir='ltr'>montis</span> <span class='ocrx_word' id='word_1_50' title='bbox 652 1271 805 1309; x_wconf 89' lang='lat' dir='ltr'>culmen</span> <span class='ocrx_word' id='word_1_51' title='bbox 835 1270 938 1307; x_wconf 83' lang='lat' dir='ltr'>adire</span> <span class='ocrx_word' id='word_1_52' title='bbox 967 1269 1044 1306; x_wconf 88' lang='lat' dir='ltr'>tui:</span> 
     </span>
    </p>

    <p class='ocr_par' dir='ltr' id='par_1_9' title="bbox 148 1333 1145 1452">
     <span class='ocr_line' id='line_1_14' title="bbox 148 1333 1145 1387; baseline -0.007 -11"><span class='ocrx_word' id='word_1_53' title='bbox 148 1337 335 1387; x_wconf 49' lang='lat' dir='ltr'>Perpetua</span> <span class='ocrx_word' id='word_1_54' title='bbox 364 1343 403 1374; x_wconf 88' lang='lat' dir='ltr'>ut</span> <span class='ocrx_word' id='word_1_55' title='bbox 433 1336 583 1374; x_wconf 90' lang='lat' dir='ltr'>Tecum</span> <span class='ocrx_word' id='word_1_56' title='bbox 612 1333 837 1384; x_wconf 69' lang='lat' dir='ltr'>compdstus</span> <span class='ocrx_word' id='word_1_57' title='bbox 866 1346 962 1384; x_wconf 81' lang='lat' dir='ltr'>pace</span> <span class='ocrx_word' id='word_1_58' title='bbox 994 1333 1145 1379; x_wconf 79' lang='lat' dir='ltr'>fruatur,</span> 
     </span>
     <span class='ocr_line' id='line_1_15' title="bbox 204 1399 1039 1452; baseline -0.007 -11"><span class='ocrx_word' id='word_1_59' title='bbox 204 1403 378 1452; x_wconf 82' lang='lat' dir='ltr'>Carpens</span> <span class='ocrx_word' id='word_1_60' title='bbox 408 1409 500 1440; x_wconf 81' lang='lat' dir='ltr'>nota</span> <span class='ocrx_word' id='word_1_61' title='bbox 527 1402 614 1439; x_wconf 91' lang='lat' dir='ltr'>unis</span> <span class='ocrx_word' id='word_1_62' title='bbox 642 1401 783 1450; x_wconf 82' lang='lat' dir='ltr'>gaudia</span> <span class='ocrx_word' id='word_1_63' title='bbox 812 1399 1039 1438; x_wconf 87' lang='lat' dir='ltr'>coelitibus?</span> 
     </span>
    </p>

    <p class='ocr_par' dir='ltr' id='par_1_10' title="bbox 151 1464 1195 1581">
     <span class='ocr_line' id='line_1_16' title="bbox 151 1464 1195 1516; baseline -0.007 -10"><span class='ocrx_word' id='word_1_64' title='bbox 151 1468 228 1515; x_wconf 87' lang='lat' dir='ltr'>Qui</span> <span class='ocrx_word' id='word_1_65' title='bbox 259 1467 361 1506; x_wconf 54' lang='lat' dir='ltr'>nulla</span> <span class='ocrx_word' id='word_1_66' title='bbox 390 1467 598 1516; x_wconf 84' lang='lat' dir='ltr'>ingreditur</span> <span class='ocrx_word' id='word_1_67' title='bbox 626 1464 776 1503; x_wconf 66' lang='lat' dir='ltr'>maculd</span> <span class='ocrx_word' id='word_1_68' title='bbox 809 1464 986 1509; x_wconf 86' lang='lat' dir='ltr'>suffusus,</span> <span class='ocrx_word' id='word_1_69' title='bbox 1017 1470 1195 1513; x_wconf 81' lang='lat' dir='ltr'>amatque</span> 
     </span>
     <span class='ocr_line' id='line_1_17' title="bbox 206 1529 1042 1581; baseline -0.007 -10"><span class='ocrx_word' id='word_1_70' title='bbox 206 1534 264 1571; x_wconf 77' lang='lat' dir='ltr'>Ex</span> <span class='ocrx_word' id='word_1_71' title='bbox 295 1534 424 1571; x_wconf 80' lang='lat' dir='ltr'>animo</span> <span class='ocrx_word' id='word_1_72' title='bbox 455 1540 612 1578; x_wconf 87' lang='lat' dir='ltr'>rectum,</span> <span class='ocrx_word' id='word_1_73' title='bbox 640 1531 900 1581; x_wconf 80' lang='lat' dir='ltr'>justitiamque</span> <span class='ocrx_word' id='word_1_74' title='bbox 931 1529 1042 1566; x_wconf 87' lang='lat' dir='ltr'>colit:</span> 
     </span>
    </p>

    <p class='ocr_par' dir='ltr' id='par_1_11' title="bbox 154 1594 1392 1714">
     <span class='ocr_line' id='line_1_18' title="bbox 154 1594 1392 1648; baseline -0.004 -11"><span class='ocrx_word' id='word_1_75' title='bbox 154 1600 225 1638; x_wconf 83' lang='lat' dir='ltr'>Cui</span> <span class='ocrx_word' id='word_1_76' title='bbox 256 1611 380 1648; x_wconf 87' lang='lat' dir='ltr'>neque</span> <span class='ocrx_word' id='word_1_77' title='bbox 410 1610 478 1636; x_wconf 89' lang='lat' dir='ltr'>cor</span> <span class='ocrx_word' id='word_1_78' title='bbox 507 1597 658 1635; x_wconf 84' lang='lat' dir='ltr'>fraudes</span> <span class='ocrx_word' id='word_1_79' title='bbox 688 1597 816 1646; x_wconf 84' lang='lat' dir='ltr'>agitat,</span> <span class='ocrx_word' id='word_1_80' title='bbox 848 1608 974 1644; x_wconf 89' lang='lat' dir='ltr'>neque</span> <span class='ocrx_word' id='word_1_81' title='bbox 1004 1594 1166 1632; x_wconf 80' lang='lat' dir='ltr'>subdola</span> <span class='ocrx_word' id='word_1_82' title='bbox 1194 1594 1392 1643; x_wconf 78' lang='lat' dir='ltr'>lingua&#39;st:</span> 
     </span>
     <span class='ocr_line' id='line_1_19' title="bbox 210 1662 1062 1714; baseline -0.005 -13"><span class='ocrx_word' id='word_1_83' title='bbox 210 1666 244 1701; x_wconf 85' lang='lat' dir='ltr'><strong>A</strong></span> <span class='ocrx_word' id='word_1_84' title='bbox 274 1676 351 1714; x_wconf 87' lang='lat' dir='ltr'>quo</span> <span class='ocrx_word' id='word_1_85' title='bbox 381 1675 422 1701; x_wconf 91' lang='lat' dir='ltr'>se</span> <span class='ocrx_word' id='word_1_86' title='bbox 451 1663 597 1700; x_wconf 86' lang='lat' dir='ltr'>laesum</span> <span class='ocrx_word' id='word_1_87' title='bbox 627 1662 750 1699; x_wconf 88' lang='lat' dir='ltr'>dicere</span> <span class='ocrx_word' id='word_1_88' title='bbox 780 1672 897 1698; x_wconf 91' lang='lat' dir='ltr'>nemo</span> <span class='ocrx_word' id='word_1_89' title='bbox 926 1666 1062 1710; x_wconf 86' lang='lat' dir='ltr'>potest.</span> 
     </span>
    </p>

    <p class='ocr_par' dir='ltr' id='par_1_12' title="bbox 159 1726 1307 1844">
     <span class='ocr_line' id='line_1_20' title="bbox 159 1726 1307 1779; baseline -0.005 -11"><span class='ocrx_word' id='word_1_90' title='bbox 159 1732 288 1777; x_wconf 87' lang='lat' dir='ltr'>Quem</span> <span class='ocrx_word' id='word_1_91' title='bbox 317 1729 466 1779; x_wconf 84' lang='lat' dir='ltr'>fugiunt</span> <span class='ocrx_word' id='word_1_92' title='bbox 494 1729 634 1778; x_wconf 88' lang='lat' dir='ltr'>injusti,</span> <span class='ocrx_word' id='word_1_93' title='bbox 665 1734 702 1765; x_wconf 89' lang='lat' dir='ltr'>et</span> <span class='ocrx_word' id='word_1_94' title='bbox 731 1739 808 1776; x_wconf 89' lang='lat' dir='ltr'>quo</span> <span class='ocrx_word' id='word_1_95' title='bbox 838 1733 1036 1776; x_wconf 84' lang='lat' dir='ltr'>praesente</span> <span class='ocrx_word' id='word_1_96' title='bbox 1067 1726 1307 1776; x_wconf 87' lang='lat' dir='ltr'>liquescunt:</span> 
     </span>
     <span class='ocr_line' id='line_1_21' title="bbox 214 1792 1093 1844; baseline -0.005 -11"><span class='ocrx_word' id='word_1_97' title='bbox 214 1796 305 1842; x_wconf 86' lang='lat' dir='ltr'>Quo</span> <span class='ocrx_word' id='word_1_98' title='bbox 335 1796 429 1840; x_wconf 89' lang='lat' dir='ltr'>viso,</span> <span class='ocrx_word' id='word_1_99' title='bbox 455 1794 565 1844; x_wconf 85' lang='lat' dir='ltr'>justis</span> <span class='ocrx_word' id='word_1_100' title='bbox 594 1806 704 1831; x_wconf 89' lang='lat' dir='ltr'>mens</span> <span class='ocrx_word' id='word_1_101' title='bbox 733 1793 960 1842; x_wconf 83' lang='lat' dir='ltr'>animusque</span> <span class='ocrx_word' id='word_1_102' title='bbox 986 1792 1093 1830; x_wconf 91' lang='lat' dir='ltr'>redit.</span> 
     </span>
    </p>

    <p class='ocr_par' dir='ltr' id='par_1_13' title="bbox 161 1857 1189 1974">
     <span class='ocr_line' id='line_1_22' title="bbox 161 1857 1189 1909; baseline -0.006 -10"><span class='ocrx_word' id='word_1_103' title='bbox 161 1863 290 1909; x_wconf 87' lang='lat' dir='ltr'>Quem</span> <span class='ocrx_word' id='word_1_104' title='bbox 319 1866 465 1898; x_wconf 85' lang='lat' dir='ltr'>mutare</span> <span class='ocrx_word' id='word_1_105' title='bbox 496 1859 611 1897; x_wconf 90' lang='lat' dir='ltr'>fidem</span> <span class='ocrx_word' id='word_1_106' title='bbox 641 1871 838 1908; x_wconf 81' lang='lat' dir='ltr'>nunquam</span> <span class='ocrx_word' id='word_1_107' title='bbox 865 1860 1011 1908; x_wconf 82' lang='lat' dir='ltr'>jactura</span> <span class='ocrx_word' id='word_1_108' title='bbox 1040 1857 1189 1905; x_wconf 83' lang='lat' dir='ltr'>coegit:</span> 
     </span>
     <span class='ocr_line' id='line_1_23' title="bbox 217 1924 1107 1974; baseline -0.004 -9"><span class='ocrx_word' id='word_1_109' title='bbox 217 1927 389 1965; x_wconf 87' lang='lat' dir='ltr'>Foenere</span> <span class='ocrx_word' id='word_1_110' title='bbox 419 1925 482 1974; x_wconf 92' lang='lat' dir='ltr'>qui</span> <span class='ocrx_word' id='word_1_111' title='bbox 511 1930 640 1974; x_wconf 81' lang='lat' dir='ltr'>partas</span> <span class='ocrx_word' id='word_1_112' title='bbox 668 1925 749 1962; x_wconf 90' lang='lat' dir='ltr'>odit</span> <span class='ocrx_word' id='word_1_113' title='bbox 777 1931 814 1962; x_wconf 92' lang='lat' dir='ltr'>et</span> <span class='ocrx_word' id='word_1_114' title='bbox 842 1924 970 1962; x_wconf 89' lang='lat' dir='ltr'>horret</span> <span class='ocrx_word' id='word_1_115' title='bbox 999 1936 1107 1973; x_wconf 88' lang='lat' dir='ltr'>opes.</span> 
     </span>
    </p>

    <p class='ocr_par' dir='ltr' id='par_1_14' title="bbox 163 1987 1197 2095">
     <span class='ocr_line' id='line_1_24' title="bbox 163 1987 1197 2041; baseline -0.004 -12"><span class='ocrx_word' id='word_1_116' title='bbox 163 1992 279 2030; x_wconf 91' lang='lat' dir='ltr'>Nullo</span> <span class='ocrx_word' id='word_1_117' title='bbox 310 2003 481 2041; x_wconf 84' lang='lat' dir='ltr'>unquam</span> <span class='ocrx_word' id='word_1_118' title='bbox 507 1991 625 2040; x_wconf 85' lang='lat' dir='ltr'>judex</span> <span class='ocrx_word' id='word_1_119' title='bbox 654 1990 777 2039; x_wconf 87' lang='lat' dir='ltr'>potuit</span> <span class='ocrx_word' id='word_1_120' title='bbox 805 1990 869 2039; x_wconf 87' lang='lat' dir='ltr'>qui</span> <span class='ocrx_word' id='word_1_121' title='bbox 899 2002 1057 2026; x_wconf 87' lang='lat' dir='ltr'>munere</span> <span class='ocrx_word' id='word_1_122' title='bbox 1085 1987 1197 2032; x_wconf 87' lang='lat' dir='ltr'>vinci,</span> 
     </span>
     <span class='ocr_line' id='line_1_25' title="bbox 220 2056 1011 2095; baseline -0.005 0"><span class='ocrx_word' id='word_1_123' title='bbox 220 2057 273 2095; x_wconf 83' lang='lat' dir='ltr'>Ut</span> <span class='ocrx_word' id='word_1_124' title='bbox 302 2057 396 2095; x_wconf 83' lang='lat' dir='ltr'>duro</span> <span class='ocrx_word' id='word_1_125' title='bbox 425 2057 596 2094; x_wconf 88' lang='lat' dir='ltr'>insontes</span> <span class='ocrx_word' id='word_1_126' title='bbox 625 2056 791 2093; x_wconf 82' lang='lat' dir='ltr'>laederet</span> <span class='ocrx_word' id='word_1_127' title='bbox 820 2067 885 2093; x_wconf 90' lang='lat' dir='ltr'>ore</span> <span class='ocrx_word' id='word_1_128' title='bbox 916 2067 1011 2092; x_wconf 86' lang='lat' dir='ltr'>reos.</span> 
     </span>
    </p>

    <p class='ocr_par' dir='ltr' id='par_1_15' title="bbox 167 2120 1325 2171">
     <span class='ocr_line' id='line_1_26' title="bbox 167 2120 1325 2171; baseline -0.006 -11"><span class='ocrx_word' id='word_1_129' title='bbox 167 2124 244 2171; x_wconf 85' lang='lat' dir='ltr'>Qui</span> <span class='ocrx_word' id='word_1_130' title='bbox 275 2123 362 2160; x_wconf 84' lang='lat' dir='ltr'>facit</span> <span class='ocrx_word' id='word_1_131' title='bbox 390 2122 497 2168; x_wconf 82' lang='lat' dir='ltr'>haec,</span> <span class='ocrx_word' id='word_1_132' title='bbox 526 2122 558 2159; x_wconf 87' lang='lat' dir='ltr'>is</span> <span class='ocrx_word' id='word_1_133' title='bbox 588 2121 744 2158; x_wconf 88' lang='lat' dir='ltr'>demum</span> <span class='ocrx_word' id='word_1_134' title='bbox 774 2122 812 2158; x_wconf 91' lang='lat' dir='ltr'>in</span> <span class='ocrx_word' id='word_1_135' title='bbox 842 2121 937 2159; x_wconf 86' lang='lat' dir='ltr'>coeli</span> <span class='ocrx_word' id='word_1_136' title='bbox 967 2120 1110 2169; x_wconf 83' lang='lat' dir='ltr'>templa</span> <span class='ocrx_word' id='word_1_137' title='bbox 1138 2123 1325 2166; x_wconf 82' lang='lat' dir='ltr'>receptuS‚</span> 
     </span>
    </p>
   </div>
   <div class='ocr_carea' id='block_1_6' title="bbox 223 2187 1376 2284">
    <p class='ocr_par' dir='ltr' id='par_1_16' title="bbox 223 2187 1376 2284">
     <span class='ocr_line' id='line_1_27' title="bbox 223 2187 1038 2236; baseline -0.005 -9"><span class='ocrx_word' id='word_1_138' title='bbox 223 2189 372 2227; x_wconf 85' lang='lat' dir='ltr'>Tecum</span> <span class='ocrx_word' id='word_1_139' title='bbox 400 2200 477 2226; x_wconf 84' lang='lat' dir='ltr'>una</span> <span class='ocrx_word' id='word_1_140' title='bbox 506 2187 663 2236; x_wconf 90' lang='lat' dir='ltr'>dempto</span> <span class='ocrx_word' id='word_1_141' title='bbox 693 2187 769 2226; x_wconf 90' lang='lat' dir='ltr'>fine</span> <span class='ocrx_word' id='word_1_142' title='bbox 797 2188 931 2225; x_wconf 84' lang='lat' dir='ltr'>beatus</span> <span class='ocrx_word' id='word_1_143' title='bbox 959 2187 1038 2224; x_wconf 89' lang='lat' dir='ltr'>erit.</span> 
     </span>
     <span class='ocr_line' id='line_1_28' title="bbox 1190 2246 1376 2284; baseline -0.022 0"><span class='ocrx_word' id='word_1_144' title='bbox 1190 2246 1376 2284; x_wconf 74' lang='lat' dir='ltr'>Muretus.</span> 
     </span>
    </p>
   </div>
  </div>
 </body>
</html>
