1743 2844
647 373 883 407 CANTATE
910 372 1121 404 DOMINO.
1462 376 1506 413 51

590 560 641 590 IN
680 559 763 590 DIE
800 558 862 590 SS.
889 556 1187 589 TRINITATIS.

416 681 454 720 O
483 679 594 718 nullis
623 679 826 717 hominum
854 678 984 728 pervia
1014 677 1201 725 sensibus,

421 746 591 784 Naturae
619 745 773 794 penitus
805 745 885 782 sola
914 756 1036 793 capax
1067 750 1163 789 tuae,

418 811 539 861 Cujus
570 811 724 848 condita
753 817 842 848 sunt
871 811 1003 847 omnia
1031 808 1200 854 numine,

525 877 695 914 Aeterna
723 883 760 913 et
790 875 930 913 Monas
960 881 996 912 et
1026 874 1150 912 Trias.

420 975 521 1013 Nate
551 986 745 1024 aequaeve
775 974 898 1019 Pater,
929 972 1107 1023 Nateque
1137 952 1206 1024 par
1236 973 1348 1020 Patri,

418 1042 468 1078 Et
496 1052 660 1078 manans
689 1040 738 1077 ab
766 1046 929 1088 utroque
960 1039 1098 1088 inclyte
1130 1038 1301 1089 Spiritus,

419 1105 663 1144 Circumfusa
692 1112 758 1143 tuo
787 1104 915 1142 nubila
943 1104 1086 1141 lumine

530 1170 675 1209 Nostro
707 1171 853 1208 discute
883 1170 1040 1219 pectori.

421 1271 494 1316 Da,
524 1283 634 1308 mens
663 1282 732 1319 per
760 1269 960 1319 speculum
989 1281 1144 1307 cernere
1173 1269 1233 1307 Te
1263 1280 1377 1321 queat

423 1337 576 1382 Nostra,
606 1342 643 1373 et
672 1335 900 1385 posthabitis
931 1334 991 1372 Te
1020 1341 1124 1384 petat
1153 1337 1344 1383 omnibus,

435 1404 469 1441 E
496 1403 688 1452 jussisque
718 1402 792 1438 tuis
820 1401 998 1450 pendeat,
1029 1406 1065 1438 et
1095 1401 1184 1439 Tibi

533 1468 613 1506 Soli
643 1468 770 1505 dedita
800 1467 944 1504 serviat.

426 1569 501 1614 Tu,
533 1568 704 1606 clemens
733 1565 881 1603 miseris
912 1565 961 1603 da
990 1565 1154 1612 veniam,
1185 1566 1318 1605 Pater:

427 1635 502 1680 Tu,
533 1632 615 1679 Fili,
646 1632 794 1669 miseris
821 1631 949 1681 pande
978 1631 1047 1669 iter
1076 1632 1125 1670 ad
1154 1631 1329 1671 Patrem:

425 1700 501 1746 Tu,
533 1699 720 1736 Sanctum
749 1697 896 1735 miseris
926 1697 1098 1734 Pneuma
1126 1699 1352 1747 vagantibus

535 1764 688 1803 Praefer
717 1763 968 1813 conspicuam
997 1762 1132 1801 facem.

430 1853 603 1903 Simplex
632 1859 703 1890 etc.

1254 1908 1366 1946 Idem.

532 2067 584 2098 IN
621 2067 705 2098 DIE
741 2066 1271 2101 TRANSFIGURATIONIS.

440 2175 571 2222 Quam
601 2176 736 2213 crebro
765 2175 921 2212 dederat
950 2174 1145 2224 discipulis
1174 2176 1302 2224 fidem,

435 2240 674 2279 Confirmare
703 2240 829 2278 modis
858 2239 950 2277 dum
980 2241 1106 2279 studet
1136 2243 1325 2290 omnibus,

435 2307 535 2345 Tres
565 2319 695 2345 secum
726 2307 886 2344 comites
915 2306 1057 2344 montis
1088 2308 1126 2344 in
1155 2308 1261 2347 ardui

544 2372 762 2422 Assumpsit
791 2371 984 2410 Dominus
1009 2372 1155 2423 jugum.

877 2449 900 2475 E
923 2449 942 2473 2
