1743 2844
621 308 647 339 C
648 310 677 338 A
684 309 783 339 NTA
795 309 827 340 T
822 309 856 339 E
884 308 1095 340 DOMINO.
1439 312 1484 348 57

610 562 793 592 LATINE
831 561 1104 593 REDDITUM.

375 680 409 710 In
430 678 606 715 Butlcrum‚
624 679 825 720 Episcopum
844 679 1109 713 Dunelmensem,
1129 678 1354 719 Epitaphium,

231 788 405 826 Butlerus
434 789 581 826 tumulo
608 788 710 837 jacet
739 788 814 825 hoc
844 789 915 825 sub
944 786 1136 825 marmore
1165 786 1311 837 postus,

230 854 303 892 Cui
331 866 440 892 mens
470 854 597 892 divino
627 866 778 903 semper
806 853 991 902 flagrabat
1020 865 1163 899 amore,

230 919 395 969 Vitaque
426 921 491 965 sic,
522 925 723 969 praesente
753 918 852 963 Deo,
883 931 999 968 quam
1029 919 1158 968 longa,
1189 925 1344 968 peracta
1373 925 1439 963 est,

230 985 450 1035 Lampados
479 992 519 1022 ut
549 991 683 1022 sancto
713 985 903 1022 collucent
930 997 1053 1034 usque
1083 985 1234 1022 sacello.

232 1051 349 1096 Felix,
382 1051 445 1100 qui
475 1052 597 1100 potuit
625 1063 748 1088 rerum
780 1062 1019 1099 cognoscere
1049 1063 1207 1088 causas:

232 1116 363 1154 Dulcis
393 1117 430 1152 in
460 1128 525 1153 ore
556 1117 693 1154 decor:
733 1116 908 1153 mortalia
936 1123 1095 1165 pectora
1125 1117 1230 1153 novit

231 1182 386 1231 Eloquii
415 1182 554 1219 auratis
584 1182 695 1219 veluti
725 1182 904 1219 cohibere
935 1182 1091 1220 catenis.

232 1249 421 1285 Virtutem
452 1249 590 1285 invenit
619 1261 746 1285 veram
777 1261 1006 1298 quacunque
1036 1249 1244 1286 latentem:

233 1314 392 1351 Divitias
422 1314 493 1351 sibi
523 1314 729 1351 corradens
759 1326 840 1351 non
870 1313 930 1351 ille
962 1313 1138 1368 caducas,

232 1379 366 1429 Usque
396 1380 491 1429 pios,
522 1386 563 1416 ut
592 1379 696 1416 dona
722 1378 807 1424 Dei,
839 1379 1032 1429 dispendit
1061 1380 1100 1416 in
1129 1391 1233 1416 usus.

232 1445 323 1482 Hoc
353 1457 463 1494 opus,
492 1444 568 1481 hoc
598 1444 777 1490 studium,
810 1457 964 1482 summo
995 1445 1186 1494 placuisse
1218 1444 1418 1493 Magistro,

232 1511 516 1558 Aeternamque
548 1522 617 1547 suo
648 1510 763 1558 capiti
793 1517 923 1559 petere
954 1509 1043 1547 inde
1073 1521 1272 1548 coronam.

232 1576 366 1614 Purius
396 1575 536 1613 electro
565 1582 700 1624 pectus
731 1575 858 1612 divina
885 1575 1034 1612 videtur

234 1642 313 1680 Ora
340 1641 489 1688 referre,
519 1653 620 1678 novo
651 1641 806 1679 coelesti
836 1641 979 1679 lumine
1010 1641 1190 1679 candens.

234 1709 357 1746 Ecce!
402 1719 667 1757 repercussum
699 1707 855 1756 speculo
888 1707 936 1745 Se
966 1708 1058 1745 vidit
1088 1708 1127 1744 in
1157 1707 1220 1744 illo

237 1773 395 1823 Spiritus
425 1773 516 1822 Ipse
546 1771 613 1811 sua
641 1773 796 1822 gavisus
826 1774 993 1823 imagine
1025 1772 1134 1811 clara.

1127 1838 1180 1876 R.
1203 1838 1251 1875 B.
1272 1838 1327 1875 K.

328 2012 444 2051 OBnT
474 2011 706 2051 BATHONIAE
739 2014 785 2049 16
816 2012 995 2051 KALEND.
1025 2013 1139 2064 JuL11,
1172 2028 1206 2051 A.
1224 2027 1259 2052 D.
1294 2022 1408 2062 1752.

664 2078 797 2115 ANNos
826 2077 964 2116 erus
995 2081 1057 2116 60.
