1743 2844
626 360 786 392 CANTA
797 358 859 389 TE
886 357 1095 388 DOMINO.
1440 360 1482 394 4¹

343 467 443 505 Nam
474 467 545 513 Te,
576 465 742 516 supremi
771 463 1007 511 linquentem
1037 461 1168 498 limina
1196 461 1328 506 Patris,

340 533 410 571 Per
439 533 579 570 Terras
608 536 754 568 saerata
782 528 907 573 Fides,
937 526 1136 576 formaque
1166 526 1331 564 verenda

339 598 500 648 Justitia,
531 604 566 634 et
595 597 694 633 laeto
724 594 892 643 sequitur
920 593 999 630 Pax
1030 605 1143 630 aurea
1172 593 1286 637 vultu,

339 664 510 712 Puraque
540 660 739 710 tranquillo
768 666 901 709 regnat
930 658 1152 696 Concordia
1181 657 1356 695 Mundo.'

1297 722 1391 760 11⁷th
1401 721 1440 758 sle
1448 734 1481 765 J:

601 862 652 893 IN
689 861 873 893 NATALI
911 859 1106 891 DOMINI.

390 954 426 992 O
456 967 533 992 nox
563 954 621 992 vel
650 953 779 991 medio
808 951 1042 1001 splendidior
1071 951 1143 996 die,

389 1021 507 1070 Cujus
536 1032 605 1069 per
633 1019 809 1057 tenebras
838 1017 993 1066 virginis
1021 1017 1191 1065 integrae

388 1085 447 1123 Ex
477 1085 560 1122 alvo
591 1083 707 1122 nitida
737 1083 803 1121 Sol
831 1095 953 1120 novus
982 1083 1132 1127 emicat,

549 1149 761 1199 Complens
790 1149 919 1186 omnia
952 1147 1106 1185 lumine.

388 1238 557 1275 Aeterno
585 1238 748 1287 imperio
777 1237 841 1287 qui
870 1237 967 1286 regit
996 1236 1138 1282 omnia,

387 1303 692 1353 Humanumque
720 1303 806 1340 Deo
836 1303 1014 1340 conciliat
1041 1314 1176 1351 genus,

389 1369 426 1406 Is
456 1381 558 1407 nunc
587 1370 658 1406 sub
687 1369 813 1418 tuguri
841 1369 921 1406 vilis
951 1368 1133 1417 operculo

548 1433 733 1479 Nascens,
764 1434 986 1483 pauperiem
1017 1434 1141 1471 docet.

387 1521 562 1559 Pastores
591 1522 729 1567 ovium,
761 1522 852 1559 dum
880 1521 1061 1570 gregibus
1090 1521 1167 1558 suis

387 1586 526 1624 Intenti
555 1587 688 1636 vigiles
717 1587 898 1624 excubias
924 1593 1052 1635 agunt,

384 1651 498 1689 Primi
527 1652 629 1690 hunc
659 1653 834 1702 angelico
864 1653 1032 1690 carmine
1061 1653 1236 1690 nuntium

547 1718 674 1755 Laetis
704 1719 856 1755 auribus
886 1717 1071 1756 hauriunt.

385 1805 504 1844 Grata
532 1813 588 1844 est
616 1806 720 1845 haud
749 1807 863 1845 dubie
893 1808 1114 1857 simplicitas
1143 1807 1242 1853 Deo,

385 1871 505 1909 Grata
533 1879 589 1910 est
617 1874 701 1919 vita,
733 1874 828 1912 dolis
858 1886 958 1923 quae
986 1874 1120 1923 procul
1149 1873 1328 1911 omnibus

387 1936 551 1975 Rectum
581 1945 719 1988 sponte
750 1938 818 1976 sua
846 1946 1033 1988 perpetuo
1063 1940 1163 1985 colit,

545 2003 594 2041 Et
622 2005 787 2054 priscam
817 2005 951 2042 retinet
980 2005 1110 2043 fidem.

388 2091 558 2141 Simplex
587 2093 742 2131 aetherii
770 2095 938 2132 numinis
967 2093 1117 2139 Unitas,

385 2158 496 2204 Quae
527 2159 702 2197 distincta
731 2161 867 2198 eadem
897 2167 955 2198 est
983 2172 1146 2210 veraque
1176 2160 1356 2205 Trinitas,

384 2224 559 2261 Aeternis
587 2225 712 2274 vigeat
741 2238 893 2275 semper
921 2226 1144 2273 honoribus,

543 2289 593 2327 Et
621 2290 714 2328 terra
743 2292 854 2329 simul
883 2299 919 2328 et
949 2292 1054 2341 polo.

1294 2356 1480 2394 sllurelus.
