1743 2844
293 297 340 320 20
696 290 868 322 POEMA
878 290 937 321 TA
967 291 1024 321 SA
1033 291 1137 322 CRA.

505 413 603 463 Spes
632 415 791 452 aratoris
820 415 979 464 cupidas
1009 414 1151 453 fovebit

503 479 710 517 Fluctuans
739 480 823 518 latis
853 492 964 529 seges
994 481 1094 517 alma
1123 481 1294 530 campis:

503 544 555 581 Ut
584 551 696 582 canat
725 543 822 582 festa
851 545 942 582 Tibi
972 545 1126 582 feriatus

722 610 888 647 Carmen
917 610 956 646 in
986 609 1132 647 umbra.

1277 676 1546 716 Buchananus.

718 813 845 844 PSAL.
873 812 1112 843 LXXXVIII.

289 920 392 958 Luce
422 934 519 960 voco
550 929 596 967 te,
627 928 740 959 nocte
770 932 867 958 voco
896 926 943 965 te,
976 919 1057 956 sola
1086 919 1214 957 salutis

344 986 452 1035 Spes,
483 988 673 1033 columen,
704 987 802 1023 vitae
832 985 1143 1034 praesidiumque
1173 997 1292 1023 meae.

287 1051 400 1089 Alme
429 1064 578 1101 parens,
609 1052 760 1090 facilem
790 1064 838 1088 ne
867 1051 1013 1087 vultum
1043 1057 1169 1087 averte
1198 1053 1381 1099 precanti,

342 1116 449 1155 Neve
479 1118 641 1156 humiles
671 1116 764 1155 dura
793 1129 929 1166 respue
960 1122 1088 1153 mente
1118 1129 1261 1165 preces.

289 1182 404 1221 Mens
434 1183 611 1221 hebetata
639 1183 748 1220 malis
778 1189 914 1231 torpet,
943 1182 1120 1219 confecta
1149 1182 1282 1220 dolore

343 1248 536 1286 Funereas
572 1255 718 1298 spectat
746 1248 928 1297 languida
957 1248 1030 1284 vita
1060 1247 1173 1284 faces.

289 1313 467 1351 Membra
495 1315 602 1363 vigor
630 1315 747 1363 liquit,
781 1326 885 1352 mors
914 1313 1109 1361 unguibus
1138 1312 1313 1350 imminet
1342 1313 1454 1350 atris:

343 1378 402 1416 De
432 1379 579 1417 tumulo
609 1386 757 1416 tantum
784 1379 864 1427 jam
894 1377 985 1414 mihi
1017 1389 1106 1414 cura
1134 1389 1223 1415 meo
1253 1385 1319 1415 est.

289 1443 464 1492 Corpora
493 1456 573 1481 non
603 1444 708 1481 aliter
737 1444 877 1493 pallent
907 1444 978 1480 sub
1007 1443 1109 1480 mole
1138 1443 1337 1492 sepulchri,

343 1509 511 1547 Vulnere
541 1522 638 1558 quae
668 1510 794 1546 subito
825 1520 930 1546 mors
960 1509 1117 1557 inopina
1144 1509 1254 1546 tulit:

290 1574 486 1623 Perpetuis
517 1587 614 1624 quae
644 1575 714 1611 sub
743 1574 909 1611 tenebris
939 1573 1079 1611 oblivia
1109 1574 1281 1611 condunt

344 1640 442 1684 Alta,
473 1639 704 1677 salutiferam
732 1646 768 1676 te
798 1638 1014 1676 retrahente
1044 1651 1214 1676 manum.

290 1704 451 1742 Carcere
481 1717 550 1742 ceu
580 1705 763 1751 clausum,
793 1711 830 1742 et
858 1702 978 1741 caeca
1007 1705 1079 1741 sub
1109 1712 1224 1742 nocte
1254 1706 1456 1754 sepultum,

345 1769 411 1807 Me
440 1782 560 1819 prope
590 1769 760 1807 lethaeae
789 1769 939 1818 gurgite
969 1770 1111 1818 mergis
1141 1781 1273 1818 aquae.

290 1834 423 1884 Usque
452 1835 602 1884 premis,
634 1841 870 1884 stratumque
899 1847 1027 1884 urges,
1059 1847 1250 1885 supraque
1275 1837 1468 1886 jacentem

344 1900 574 1937 Accumulas
604 1900 680 1936 irae
709 1900 868 1937 flumina
898 1907 1038 1938 cuncta
1073 1907 1171 1938 tuae.

290 1964 357 2002 Me
386 1965 498 2002 veluti
528 1965 729 2014 scopulum
759 1965 908 2014 fugiunt
937 1965 1169 2015 horrentque
1200 1966 1363 2012 sodales,

344 2030 455 2076 Quos
484 2036 638 2079 portum
667 2029 827 2067 afflictae
856 2042 944 2079 spes
974 2038 1052 2067 erat
1082 2043 1166 2068 esse
1199 2031 1280 2068 rati.

290 2095 515 2144 Assrxusque
545 2102 629 2132 toro
655 2095 778 2144 jaceo,
812 2107 882 2132 ceu
912 2096 1101 2145 compede
1131 2097 1304 2133 vinctus:

346 2159 547 2209 Languida
577 2166 772 2196 cesserunt
800 2160 944 2197 lumina
972 2161 1071 2198 victa
1100 2161 1219 2198 malis.

292 2224 441 2261 Interea
468 2224 587 2262 lassas
617 2224 778 2262 tendens
808 2225 856 2262 ad
886 2226 1009 2263 sidera
1038 2226 1198 2275 palmas,

347 2288 406 2327 Te
436 2289 609 2327 veniente
639 2289 710 2335 die,
741 2296 776 2327 te
806 2289 975 2340 fugiente
1004 2303 1114 2329 voco.
