1743 2844
244 343 291 378 54

650 338 823 371 POEMA
833 339 892 371 TA
923 339 979 370 SA
988 339 1091 371 CRA.

552 487 604 518 IN
642 488 803 519 DIVAM
839 487 1185 519 CATHERINAM.

295 583 386 630 Quo
415 590 451 621 te
480 585 685 633 praecipue
715 584 988 622 commendam
1017 584 1184 629 nomine,
1217 583 1364 633 Virgo?

349 648 452 686 Laus
482 650 624 687 etenim
654 662 752 699 quae
782 657 818 687 te
846 661 927 686 non
954 650 1082 687 minor
1111 661 1195 687 esse
1224 651 1369 698 queat?

295 714 486 763 Magnum
515 721 595 751 erat
624 726 770 751 errores
799 720 969 751 veterum
998 714 1152 763 liquisse
1182 721 1398 764 parentum7

349 779 478 829 Majus
508 786 545 817 at
573 779 779 828 imperium
809 779 1023 816 deseruisse
1053 779 1130 817 fuit.

295 844 486 893 Magnum
516 852 594 882 erat
623 845 804 882 immanis
831 845 977 882 rabiem
1007 845 1192 893 sprevisse
1221 846 1381 895 tyranni,

350 907 545 956 Supplicia
574 914 611 944 at
639 908 765 957 majus
796 914 933 956 sponte
965 908 1080 944 subiri
1109 907 1188 945 fuit.

295 972 487 1022 Magnum
516 979 595 1010 erat
623 972 683 1010 his
712 973 831 1010 vitam
861 979 997 1022 sponte
1028 973 1216 1022 objecisse
1246 973 1420 1023 periclis:

350 1037 479 1087 Majus
509 1050 710 1087 nunquam
741 1038 871 1075 animo
903 1039 1150 1075 succubuisse
1180 1037 1259 1075 fuit.

294 1099 330 1137 O
361 1100 477 1138 decus
507 1102 688 1138 eximium
719 1101 862 1150 patriae
892 1112 1082 1149 sexusque
1113 1101 1281 1150 polique,

348 1166 485 1204 Dicere
514 1173 550 1204 te
580 1167 717 1204 merito
748 1166 874 1204 nullus
902 1165 1051 1203 honore
1079 1173 1219 1215 potest.

465 1353 636 1384 EADEM
674 1353 738 1383 DE
775 1352 830 1384 SE
867 1352 973 1383 IPSA
1003 1351 1278 1392 LOQUITUR.

296 1450 500 1487 Illecebras
529 1450 626 1487 inter
655 1448 802 1486 medias
832 1447 970 1486 educta
998 1448 1142 1497 virago,

349 1516 407 1553 Re
438 1516 629 1565 princeps,
659 1515 794 1551 mulier
823 1525 996 1562 corpore,
1027 1520 1156 1550 mente
1187 1513 1269 1558 dea,

296 1579 398 1616 Nixa
426 1579 526 1625 Deo,
557 1578 692 1615 mundi
721 1589 906 1626 spernens
935 1576 1035 1613 mala
1063 1576 1215 1625 gaudia,
1246 1577 1317 1613 vici

349 1645 453 1682 Tum
484 1650 675 1681 tormenta
704 1644 846 1688 animo,
877 1649 958 1680 tum
987 1642 1132 1679 ratione
1162 1641 1318 1691 sophos.

294 1711 387 1747 Non
416 1717 510 1755 rota,
540 1721 620 1746 non
648 1708 775 1757 gladii,
807 1720 888 1745 non
916 1708 988 1756 ipsi
1018 1707 1209 1744 horrenda
1238 1714 1402 1756 tyranno

350 1776 460 1813 Mors
490 1776 613 1825 potuit
643 1781 814 1812 mentem
843 1773 933 1811 sede
963 1785 1118 1810 movere
1146 1784 1286 1810 meam.

295 1841 446 1878 Scilicet
473 1840 577 1877 haud
606 1839 816 1889 quidquam
845 1851 956 1876 mens
984 1838 1136 1876 Christo
1166 1837 1291 1875 afflata
1319 1844 1490 1883 veretur,

348 1907 417 1943 Ille
446 1918 554 1943 meae
583 1906 692 1950 vires,
722 1912 759 1942 et
787 1917 875 1941 mea
903 1905 978 1941 vita
1007 1903 1084 1940 fuit.

295 1970 413 2015 Quid,
465 1968 559 2005 fuit?
633 1967 779 2016 Estque
827 1966 985 2016 fuitque,
1034 1972 1147 2015 atque
1195 1972 1253 2004 est
1300 1966 1381 2003 sine
1429 1965 1506 2001 fine

408 2035 580 2081 futurus;

347 2100 583 2149 Principium
613 2099 709 2136 vitae
739 2110 845 2136 mors
876 2097 981 2136 dedit
1017 2098 1102 2147 ipsa
1129 2095 1232 2133 mihi.

296 2219 374 2265 Qui
403 2218 499 2268 legis
529 2218 633 2264 haec,
664 2218 718 2256 sic
747 2223 787 2254 tu
817 2224 853 2255 te
883 2216 998 2254 etiam
1028 2228 1235 2265 compone,
1266 2215 1408 2252 viator:

349 2283 458 2321 Mors
487 2284 553 2321 tibi
582 2296 652 2333 pro
683 2282 840 2321 Christo
868 2283 942 2321 vita
970 2282 1151 2332 perennis
1181 2281 1260 2318 erit.

1226 2345 1335 2383 Idem.
