<?xml version="1.0" encoding="UTF-8"?>
<!DOCTYPE html PUBLIC "-//W3C//DTD XHTML 1.0 Transitional//EN"
    "http://www.w3.org/TR/xhtml1/DTD/xhtml1-transitional.dtd">
<html xmlns="http://www.w3.org/1999/xhtml" xml:lang="en" lang="en">
 <head>
  <title>
</title>
<meta http-equiv="Content-Type" content="text/html;charset=utf-8" />
  <meta name='ocr-system' content='tesseract 3.04.00' />
  <meta name='ocr-capabilities' content='ocr_page ocr_carea ocr_par ocr_line ocrx_word'/>
</head>
<body>
  <div class='ocr_page' id='page_1' title='image "./arundinessturisi00kennuoft_0138.png"; bbox 0 0 1743 2844; ppageno 0'>
   <div class='ocr_carea' id='block_1_1' title="bbox 256 275 1098 308">
    <p class='ocr_par' dir='ltr' id='par_1_1' title="bbox 256 275 1098 308">
     <span class='ocr_line' id='line_1_1' title="bbox 256 275 1098 308; baseline 0.001 -4"><span class='ocrx_word' id='word_1_1' title='bbox 256 281 325 305; x_wconf 86' lang='lat'>122</span> <span class='ocrx_word' id='word_1_2' title='bbox 661 275 830 308; x_wconf 77' lang='lat' dir='ltr'><em>POEMA</em></span> <span class='ocrx_word' id='word_1_3' title='bbox 842 275 898 306; x_wconf 81' lang='lat' dir='ltr'>TA</span> <span class='ocrx_word' id='word_1_4' title='bbox 935 275 1098 306; x_wconf 71' lang='lat' dir='ltr'><em>VARJA.</em></span> 
     </span>
    </p>
   </div>
   <div class='ocr_carea' id='block_1_2' title="bbox 432 422 1320 455">
    <p class='ocr_par' dir='ltr' id='par_1_2' title="bbox 432 422 1320 455">
     <span class='ocr_line' id='line_1_2' title="bbox 432 422 1320 455; baseline 0.002 -2"><span class='ocrx_word' id='word_1_5' title='bbox 432 422 614 453; x_wconf 89' lang='lat' dir='ltr'>LATINE</span> <span class='ocrx_word' id='word_1_6' title='bbox 652 423 926 454; x_wconf 88' lang='lat' dir='ltr'>REDDITUM.</span> <span class='ocrx_word' id='word_1_7' title='bbox 1000 423 1320 455; x_wconf 89' lang='lat' dir='ltr'><strong>EPITAPHIUM.</strong></span> 
     </span>
    </p>
   </div>
   <div class='ocr_carea' id='block_1_3' title="bbox 304 505 1409 752">
    <p class='ocr_par' dir='ltr' id='par_1_3' title="bbox 304 505 1312 619">
     <span class='ocr_line' id='line_1_3' title="bbox 304 505 1312 556; baseline 0.002 -13"><span class='ocrx_word' id='word_1_8' title='bbox 304 505 366 543; x_wconf 90' lang='lat' dir='ltr'>Da</span> <span class='ocrx_word' id='word_1_9' title='bbox 394 507 545 544; x_wconf 87' lang='lat' dir='ltr'>veniam</span> <span class='ocrx_word' id='word_1_10' title='bbox 574 508 773 556; x_wconf 80' lang='lat' dir='ltr'>lacrymae,</span> <span class='ocrx_word' id='word_1_11' title='bbox 804 520 903 556; x_wconf 89' lang='lat' dir='ltr'>quae</span> <span class='ocrx_word' id='word_1_12' title='bbox 933 515 980 553; x_wconf 88' lang='lat' dir='ltr'>te,</span> <span class='ocrx_word' id='word_1_13' title='bbox 1011 508 1142 546; x_wconf 86' lang='lat' dir='ltr'>tellure</span> <span class='ocrx_word' id='word_1_14' title='bbox 1171 507 1312 554; x_wconf 67' lang='lat' dir='ltr'>relicta,</span> 
     </span>
     <span class='ocr_line' id='line_1_4' title="bbox 358 571 1219 619; baseline 0.002 -11"><span class='ocrx_word' id='word_1_15' title='bbox 358 571 508 608; x_wconf 84' lang='lat' dir='ltr'><strong>Invidet</strong></span> <span class='ocrx_word' id='word_1_16' title='bbox 536 572 724 618; x_wconf 78' lang='lat' dir='ltr'>aetheriis,</span> <span class='ocrx_word' id='word_1_17' title='bbox 754 573 890 610; x_wconf 87' lang='lat' dir='ltr'>umbra</span> <span class='ocrx_word' id='word_1_18' title='bbox 919 574 1040 619; x_wconf 85' lang='lat' dir='ltr'>beata,</span> <span class='ocrx_word' id='word_1_19' title='bbox 1072 573 1219 611; x_wconf 86' lang='lat' dir='ltr'>choris!</span> 
     </span>
    </p>

    <p class='ocr_par' dir='ltr' id='par_1_4' title="bbox 304 636 1409 752">
     <span class='ocr_line' id='line_1_5' title="bbox 304 636 1409 686; baseline 0.001 -13"><span class='ocrx_word' id='word_1_20' title='bbox 304 636 365 674; x_wconf 91' lang='lat' dir='ltr'>Da</span> <span class='ocrx_word' id='word_1_21' title='bbox 392 637 544 674; x_wconf 86' lang='lat' dir='ltr'>veniam</span> <span class='ocrx_word' id='word_1_22' title='bbox 572 638 761 686; x_wconf 88' lang='lat' dir='ltr'>precibus,</span> <span class='ocrx_word' id='word_1_23' title='bbox 792 650 890 686; x_wconf 90' lang='lat' dir='ltr'>quae</span> <span class='ocrx_word' id='word_1_24' title='bbox 919 645 955 675; x_wconf 89' lang='lat' dir='ltr'>te</span> <span class='ocrx_word' id='word_1_25' title='bbox 984 638 1045 675; x_wconf 90' lang='lat' dir='ltr'>hic</span> <span class='ocrx_word' id='word_1_26' title='bbox 1075 639 1228 676; x_wconf 87' lang='lat' dir='ltr'>voluere</span> <span class='ocrx_word' id='word_1_27' title='bbox 1258 638 1409 683; x_wconf 87' lang='lat' dir='ltr'>morari,</span> 
     </span>
     <span class='ocr_line' id='line_1_6' title="bbox 358 701 1216 752; baseline 0.003 -14"><span class='ocrx_word' id='word_1_28' title='bbox 358 701 485 739; x_wconf 85' lang='lat' dir='ltr'>Serius</span> <span class='ocrx_word' id='word_1_29' title='bbox 515 702 564 738; x_wconf 86' lang='lat' dir='ltr'>ad</span> <span class='ocrx_word' id='word_1_30' title='bbox 594 714 751 751; x_wconf 84' lang='lat' dir='ltr'>superas</span> <span class='ocrx_word' id='word_1_31' title='bbox 780 710 821 739; x_wconf 92' lang='lat' dir='ltr'>ut</span> <span class='ocrx_word' id='word_1_32' title='bbox 849 715 1022 752; x_wconf 81' lang='lat' dir='ltr'>raperere</span> <span class='ocrx_word' id='word_1_33' title='bbox 1052 704 1216 741; x_wconf 83' lang='lat' dir='ltr'>domos!</span> 
     </span>
    </p>
   </div>
   <div class='ocr_carea' id='block_1_4' title="bbox 303 788 1473 1090">
    <p class='ocr_par' dir='ltr' id='par_1_5' title="bbox 303 788 1473 1090">
     <span class='ocr_line' id='line_1_7' title="bbox 303 788 1344 839; baseline 0.002 -14"><span class='ocrx_word' id='word_1_34' title='bbox 303 788 441 838; x_wconf 87' lang='lat' dir='ltr'>Hujus,</span> <span class='ocrx_word' id='word_1_35' title='bbox 472 789 591 826; x_wconf 88' lang='lat' dir='ltr'>humo</span> <span class='ocrx_word' id='word_1_36' title='bbox 621 788 759 838; x_wconf 70' lang='lat' dir='ltr'>spreta,</span> <span class='ocrx_word' id='word_1_37' title='bbox 789 802 891 828; x_wconf 88' lang='lat' dir='ltr'>nunc</span> <span class='ocrx_word' id='word_1_38' title='bbox 921 802 962 827; x_wconf 88' lang='lat' dir='ltr'>es</span> <span class='ocrx_word' id='word_1_39' title='bbox 991 790 1163 839; x_wconf 83' lang='lat' dir='ltr'>caliginis</span> <span class='ocrx_word' id='word_1_40' title='bbox 1194 802 1344 839; x_wconf 81' lang='lat' dir='ltr'>expers,</span> 
     </span>
     <span class='ocr_line' id='line_1_8' title="bbox 356 854 1244 905; baseline 0.001 -14"><span class='ocrx_word' id='word_1_41' title='bbox 356 854 485 903; x_wconf 89' lang='lat' dir='ltr'>Hujus</span> <span class='ocrx_word' id='word_1_42' title='bbox 515 861 552 891; x_wconf 86' lang='lat' dir='ltr'>et</span> <span class='ocrx_word' id='word_1_43' title='bbox 580 855 684 892; x_wconf 87' lang='lat' dir='ltr'>haud</span> <span class='ocrx_word' id='word_1_44' title='bbox 712 854 808 892; x_wconf 86' lang='lat' dir='ltr'>ultra</span> <span class='ocrx_word' id='word_1_45' title='bbox 837 868 988 893; x_wconf 86' lang='lat' dir='ltr'>carcere</span> <span class='ocrx_word' id='word_1_46' title='bbox 1021 863 1127 905; x_wconf 89' lang='lat' dir='ltr'>septa</span> <span class='ocrx_word' id='word_1_47' title='bbox 1156 856 1244 894; x_wconf 88' lang='lat' dir='ltr'>luti:</span> 
     </span>
     <span class='ocr_line' id='line_1_9' title="bbox 303 920 1358 971; baseline 0.001 -14"><span class='ocrx_word' id='word_1_48' title='bbox 303 920 464 969; x_wconf 84' lang='lat' dir='ltr'>Nosque</span> <span class='ocrx_word' id='word_1_49' title='bbox 494 927 598 957; x_wconf 86' lang='lat' dir='ltr'>tuam</span> <span class='ocrx_word' id='word_1_50' title='bbox 627 920 754 968; x_wconf 86' lang='lat' dir='ltr'>potius</span> <span class='ocrx_word' id='word_1_51' title='bbox 784 920 841 959; x_wconf 88' lang='lat' dir='ltr'>fas</span> <span class='ocrx_word' id='word_1_52' title='bbox 870 929 926 958; x_wconf 89' lang='lat' dir='ltr'>est</span> <span class='ocrx_word' id='word_1_53' title='bbox 955 922 1123 971; x_wconf 84' lang='lat' dir='ltr'>gaudere</span> <span class='ocrx_word' id='word_1_54' title='bbox 1153 928 1358 971; x_wconf 88' lang='lat' dir='ltr'>sequentes</span> 
     </span>
     <span class='ocr_line' id='line_1_10' title="bbox 354 985 1352 1037; baseline 0.001 -15"><span class='ocrx_word' id='word_1_55' title='bbox 354 985 572 1031; x_wconf 84' lang='lat' dir='ltr'>Victricem,</span> <span class='ocrx_word' id='word_1_56' title='bbox 604 986 727 1036; x_wconf 90' lang='lat' dir='ltr'>carpis</span> <span class='ocrx_word' id='word_1_57' title='bbox 755 999 871 1036; x_wconf 86' lang='lat' dir='ltr'>quam</span> <span class='ocrx_word' id='word_1_58' title='bbox 902 1000 1016 1037; x_wconf 87' lang='lat' dir='ltr'>super</span> <span class='ocrx_word' id='word_1_59' title='bbox 1046 994 1154 1034; x_wconf 85' lang='lat' dir='ltr'>astra,</span> <span class='ocrx_word' id='word_1_60' title='bbox 1184 988 1316 1037; x_wconf 86' lang='lat' dir='ltr'>fugam</span> <span class='ocrx_word' id='word_1_61' title='bbox 1331 987 1352 1023; x_wconf 90' lang='lat'>¹.</span> 
     </span>
     <span class='ocr_line' id='line_1_11' title="bbox 1344 1053 1473 1090; baseline 0 -1"><span class='ocrx_word' id='word_1_62' title='bbox 1344 1053 1473 1090; x_wconf 75' lang='lat' dir='ltr'><em>Booth.</em></span> 
     </span>
    </p>
   </div>
   <div class='ocr_carea' id='block_1_5' title="bbox 794 1215 956 1246">
    <p class='ocr_par' dir='ltr' id='par_1_6' title="bbox 794 1215 956 1246">
     <span class='ocr_line' id='line_1_12' title="bbox 794 1215 956 1246; baseline 0.012 -2"><span class='ocrx_word' id='word_1_63' title='bbox 794 1215 956 1246; x_wconf 88' lang='lat' dir='ltr'>XXXVI.</span> 
     </span>
    </p>
   </div>
   <div class='ocr_carea' id='block_1_6' title="bbox 245 1314 1499 1357">
    <p class='ocr_par' dir='ltr' id='par_1_7' title="bbox 245 1314 1499 1357">
     <span class='ocr_line' id='line_1_13' title="bbox 245 1314 1499 1357; baseline 0.002 -13"><span class='ocrx_word' id='word_1_64' title='bbox 245 1314 431 1354; x_wconf 85' lang='lat' dir='ltr'>CONJUX</span> <span class='ocrx_word' id='word_1_65' title='bbox 470 1314 727 1355; x_wconf 82' lang='lat' dir='ltr'>CONJUGEM</span> <span class='ocrx_word' id='word_1_66' title='bbox 771 1315 1121 1347; x_wconf 74' lang='lat' dir='ltr'><strong>PRAEGRESSAM</strong></span> <span class='ocrx_word' id='word_1_67' title='bbox 1166 1316 1499 1357; x_wconf 88' lang='lat' dir='ltr'><strong>ALLOQUITUR.</strong></span> 
     </span>
    </p>
   </div>
   <div class='ocr_carea' id='block_1_7' title="bbox 299 1399 1357 1634">
    <p class='ocr_par' dir='ltr' id='par_1_8' title="bbox 299 1399 1254 1515">
     <span class='ocr_line' id='line_1_14' title="bbox 299 1399 1254 1450; baseline 0.002 -14"><span class='ocrx_word' id='word_1_68' title='bbox 299 1399 403 1436; x_wconf 84' lang='lat' dir='ltr'>Ivisti</span> <span class='ocrx_word' id='word_1_69' title='bbox 431 1400 535 1448; x_wconf 90' lang='lat' dir='ltr'>prior</span> <span class='ocrx_word' id='word_1_70' title='bbox 565 1400 612 1436; x_wconf 88' lang='lat' dir='ltr'>ad</span> <span class='ocrx_word' id='word_1_71' title='bbox 642 1400 843 1446; x_wconf 86' lang='lat' dir='ltr'>tumulum,</span> <span class='ocrx_word' id='word_1_72' title='bbox 875 1401 1070 1438; x_wconf 87' lang='lat' dir='ltr'>carissima</span> <span class='ocrx_word' id='word_1_73' title='bbox 1099 1402 1254 1450; x_wconf 85' lang='lat' dir='ltr'>conjux,</span> 
     </span>
     <span class='ocr_line' id='line_1_15' title="bbox 353 1464 1252 1515; baseline 0.002 -14"><span class='ocrx_word' id='word_1_74' title='bbox 353 1464 489 1502; x_wconf 87' lang='lat' dir='ltr'>Mutua</span> <span class='ocrx_word' id='word_1_75' title='bbox 517 1465 799 1502; x_wconf 87' lang='lat' dir='ltr'>commendans</span> <span class='ocrx_word' id='word_1_76' title='bbox 827 1466 991 1515; x_wconf 78' lang='lat' dir='ltr'>pignora</span> <span class='ocrx_word' id='word_1_77' title='bbox 1020 1478 1108 1503; x_wconf 86' lang='lat' dir='ltr'>cara</span> <span class='ocrx_word' id='word_1_78' title='bbox 1137 1466 1252 1503; x_wconf 88' lang='lat' dir='ltr'>mihi:</span> 
     </span>
    </p>

    <p class='ocr_par' dir='ltr' id='par_1_9' title="bbox 299 1530 1357 1634">
     <span class='ocr_line' id='line_1_16' title="bbox 299 1530 1357 1579; baseline 0.002 -12"><span class='ocrx_word' id='word_1_79' title='bbox 299 1531 453 1579; x_wconf 81' lang='lat' dir='ltr'>Fungar</span> <span class='ocrx_word' id='word_1_80' title='bbox 482 1542 556 1579; x_wconf 83' lang='lat' dir='ltr'>ego</span> <span class='ocrx_word' id='word_1_81' title='bbox 586 1530 674 1568; x_wconf 92' lang='lat' dir='ltr'>hinc</span> <span class='ocrx_word' id='word_1_82' title='bbox 704 1531 849 1568; x_wconf 89' lang='lat' dir='ltr'>vicibus</span> <span class='ocrx_word' id='word_1_83' title='bbox 878 1532 1083 1578; x_wconf 85' lang='lat' dir='ltr'>maternis;</span> <span class='ocrx_word' id='word_1_84' title='bbox 1114 1531 1176 1568; x_wconf 85' lang='lat' dir='ltr'>illa</span> <span class='ocrx_word' id='word_1_85' title='bbox 1205 1539 1357 1569; x_wconf 89' lang='lat' dir='ltr'>tuorum</span> 
     </span>
     <span class='ocr_line' id='line_1_17' title="bbox 352 1594 1169 1634; baseline 0.001 -1"><span class='ocrx_word' id='word_1_86' title='bbox 352 1594 492 1633; x_wconf 90' lang='lat' dir='ltr'>Omnis</span> <span class='ocrx_word' id='word_1_87' title='bbox 521 1596 589 1633; x_wconf 89' lang='lat' dir='ltr'>erit</span> <span class='ocrx_word' id='word_1_88' title='bbox 619 1596 718 1633; x_wconf 87' lang='lat' dir='ltr'>collo</span> <span class='ocrx_word' id='word_1_89' title='bbox 747 1597 858 1634; x_wconf 87' lang='lat' dir='ltr'>turba</span> <span class='ocrx_word' id='word_1_90' title='bbox 887 1596 1043 1634; x_wconf 87' lang='lat' dir='ltr'>ferenda</span> <span class='ocrx_word' id='word_1_91' title='bbox 1070 1609 1169 1634; x_wconf 90' lang='lat' dir='ltr'>meo.</span> 
     </span>
    </p>
   </div>
   <div class='ocr_carea' id='block_1_8' title="bbox 297 1682 1339 1929">
    <p class='ocr_par' dir='ltr' id='par_1_10' title="bbox 297 1682 1337 1865">
     <span class='ocr_line' id='line_1_18' title="bbox 298 1682 1246 1735; baseline 0.003 -16"><span class='ocrx_word' id='word_1_92' title='bbox 298 1682 400 1719; x_wconf 90' lang='lat' dir='ltr'>Ivisti</span> <span class='ocrx_word' id='word_1_93' title='bbox 429 1683 533 1732; x_wconf 89' lang='lat' dir='ltr'>prior</span> <span class='ocrx_word' id='word_1_94' title='bbox 562 1683 610 1720; x_wconf 92' lang='lat' dir='ltr'>ad</span> <span class='ocrx_word' id='word_1_95' title='bbox 638 1684 837 1730; x_wconf 83' lang='lat' dir='ltr'>tumulum,</span> <span class='ocrx_word' id='word_1_96' title='bbox 868 1685 1063 1722; x_wconf 88' lang='lat' dir='ltr'>carissima</span> <span class='ocrx_word' id='word_1_97' title='bbox 1092 1686 1246 1735; x_wconf 82' lang='lat' dir='ltr'>conjux,</span> 
     </span>
     <span class='ocr_line' id='line_1_19' title="bbox 350 1748 1310 1799; baseline 0.002 -14"><span class='ocrx_word' id='word_1_98' title='bbox 350 1748 439 1786; x_wconf 85' lang='lat' dir='ltr'>Plus</span> <span class='ocrx_word' id='word_1_99' title='bbox 470 1760 587 1797; x_wconf 89' lang='lat' dir='ltr'>quam</span> <span class='ocrx_word' id='word_1_100' title='bbox 616 1748 827 1796; x_wconf 85' lang='lat' dir='ltr'>dimidium,</span> <span class='ocrx_word' id='word_1_101' title='bbox 856 1762 945 1798; x_wconf 87' lang='lat' dir='ltr'>pars</span> <span class='ocrx_word' id='word_1_102' title='bbox 974 1750 1184 1799; x_wconf 86' lang='lat' dir='ltr'>meliorque</span> <span class='ocrx_word' id='word_1_103' title='bbox 1213 1751 1310 1788; x_wconf 86' lang='lat' dir='ltr'>mei:</span> 
     </span>
     <span class='ocr_line' id='line_1_20' title="bbox 297 1813 1337 1865; baseline 0.003 -15"><span class='ocrx_word' id='word_1_104' title='bbox 297 1813 401 1851; x_wconf 87' lang='lat' dir='ltr'>Ivisti</span> <span class='ocrx_word' id='word_1_105' title='bbox 432 1814 479 1851; x_wconf 87' lang='lat' dir='ltr'>ad</span> <span class='ocrx_word' id='word_1_106' title='bbox 509 1814 710 1860; x_wconf 89' lang='lat' dir='ltr'>tumulum,</span> <span class='ocrx_word' id='word_1_107' title='bbox 742 1815 808 1852; x_wconf 90' lang='lat' dir='ltr'>sed</span> <span class='ocrx_word' id='word_1_108' title='bbox 843 1827 948 1853; x_wconf 89' lang='lat' dir='ltr'>mors</span> <span class='ocrx_word' id='word_1_109' title='bbox 978 1816 1045 1853; x_wconf 88' lang='lat' dir='ltr'>tibi</span> <span class='ocrx_word' id='word_1_110' title='bbox 1073 1817 1192 1865; x_wconf 87' lang='lat' dir='ltr'>janua</span> <span class='ocrx_word' id='word_1_111' title='bbox 1219 1816 1337 1853; x_wconf 87' lang='lat' dir='ltr'>vitae:</span> 
     </span>
    </p>

    <p class='ocr_par' dir='ltr' id='par_1_11' title="bbox 350 1879 1339 1929">
     <span class='ocr_line' id='line_1_21' title="bbox 350 1879 1339 1929; baseline 0.002 -13"><span class='ocrx_word' id='word_1_112' title='bbox 350 1879 438 1917; x_wconf 85' lang='lat' dir='ltr'>Vita</span> <span class='ocrx_word' id='word_1_113' title='bbox 467 1880 533 1917; x_wconf 89' lang='lat' dir='ltr'>tibi</span> <span class='ocrx_word' id='word_1_114' title='bbox 564 1879 748 1926; x_wconf 86' lang='lat' dir='ltr'>Christus,</span> <span class='ocrx_word' id='word_1_115' title='bbox 778 1892 882 1919; x_wconf 83' lang='lat' dir='ltr'>mors</span> <span class='ocrx_word' id='word_1_116' title='bbox 911 1881 978 1917; x_wconf 90' lang='lat' dir='ltr'>tibi</span> <span class='ocrx_word' id='word_1_117' title='bbox 1007 1881 1153 1929; x_wconf 83' lang='lat' dir='ltr'>grande</span> <span class='ocrx_word' id='word_1_118' title='bbox 1182 1881 1339 1919; x_wconf 82' lang='lat' dir='ltr'>lucrum.</span> 
     </span>
    </p>
   </div>
   <div class='ocr_carea' id='block_1_9' title="bbox 296 1967 1290 2212">
    <p class='ocr_par' dir='ltr' id='par_1_12' title="bbox 296 1967 1290 2149">
     <span class='ocr_line' id='line_1_22' title="bbox 298 1967 1254 2017; baseline 0.003 -14"><span class='ocrx_word' id='word_1_119' title='bbox 298 1967 402 2004; x_wconf 88' lang='lat' dir='ltr'>Ivisti</span> <span class='ocrx_word' id='word_1_120' title='bbox 431 1968 480 2005; x_wconf 84' lang='lat' dir='ltr'>ad</span> <span class='ocrx_word' id='word_1_121' title='bbox 510 1968 710 2013; x_wconf 85' lang='lat' dir='ltr'>tumulum,</span> <span class='ocrx_word' id='word_1_122' title='bbox 741 1969 809 2006; x_wconf 91' lang='lat' dir='ltr'>sed</span> <span class='ocrx_word' id='word_1_123' title='bbox 838 1975 874 2005; x_wconf 90' lang='lat' dir='ltr'>te</span> <span class='ocrx_word' id='word_1_124' title='bbox 904 1969 1033 2017; x_wconf 84' lang='lat' dir='ltr'>lugere</span> <span class='ocrx_word' id='word_1_125' title='bbox 1063 1976 1254 2006; x_wconf 87' lang='lat' dir='ltr'>vetamur:</span> 
     </span>
     <span class='ocr_line' id='line_1_23' title="bbox 349 2031 1251 2083; baseline 0.002 -14"><span class='ocrx_word' id='word_1_126' title='bbox 349 2031 517 2070; x_wconf 89' lang='lat' dir='ltr'>Mortem</span> <span class='ocrx_word' id='word_1_127' title='bbox 547 2033 578 2070; x_wconf 88' lang='lat' dir='ltr'>si</span> <span class='ocrx_word' id='word_1_128' title='bbox 608 2034 787 2071; x_wconf 84' lang='lat' dir='ltr'>tenebrae</span> <span class='ocrx_word' id='word_1_129' title='bbox 818 2034 1068 2083; x_wconf 86' lang='lat' dir='ltr'>tristitiaeque</span> <span class='ocrx_word' id='word_1_130' title='bbox 1098 2040 1251 2083; x_wconf 85' lang='lat' dir='ltr'>tegant;</span> 
     </span>
     <span class='ocr_line' id='line_1_24' title="bbox 296 2097 1290 2149; baseline 0.002 -15"><span class='ocrx_word' id='word_1_131' title='bbox 296 2097 471 2135; x_wconf 83' lang='lat' dir='ltr'>Claustra</span> <span class='ocrx_word' id='word_1_132' title='bbox 499 2099 603 2148; x_wconf 90' lang='lat' dir='ltr'>prior</span> <span class='ocrx_word' id='word_1_133' title='bbox 632 2098 766 2136; x_wconf 88' lang='lat' dir='ltr'>tumuli</span> <span class='ocrx_word' id='word_1_134' title='bbox 795 2097 931 2135; x_wconf 87' lang='lat' dir='ltr'>Victor</span> <span class='ocrx_word' id='word_1_135' title='bbox 959 2099 1128 2148; x_wconf 87' lang='lat' dir='ltr'>perrupit</span> <span class='ocrx_word' id='word_1_136' title='bbox 1156 2099 1290 2149; x_wconf 87' lang='lat' dir='ltr'>Jesus:</span> 
     </span>
    </p>

    <p class='ocr_par' dir='ltr' id='par_1_13' title="bbox 348 2162 1122 2212">
     <span class='ocr_line' id='line_1_25' title="bbox 348 2162 1122 2212; baseline 0.003 -13"><span class='ocrx_word' id='word_1_137' title='bbox 348 2162 509 2201; x_wconf 83' lang='lat' dir='ltr'>Divinus</span> <span class='ocrx_word' id='word_1_138' title='bbox 539 2164 635 2200; x_wconf 86' lang='lat' dir='ltr'>coeli</span> <span class='ocrx_word' id='word_1_139' title='bbox 670 2163 799 2200; x_wconf 88' lang='lat' dir='ltr'>limina</span> <span class='ocrx_word' id='word_1_140' title='bbox 827 2163 960 2212; x_wconf 90' lang='lat' dir='ltr'>pandit</span> <span class='ocrx_word' id='word_1_141' title='bbox 989 2164 1122 2201; x_wconf 86' lang='lat' dir='ltr'>Amor.</span> 
     </span>
    </p>
   </div>
   <div class='ocr_carea' id='block_1_10' title="bbox 610 2289 1120 2330">
    <p class='ocr_par' dir='ltr' id='par_1_14' title="bbox 610 2289 1120 2330">
     <span class='ocr_line' id='line_1_26' title="bbox 610 2289 1120 2330; baseline 0.002 -11"><span class='ocrx_word' id='word_1_142' title='bbox 610 2289 617 2306; x_wconf 90' lang='lat'><strong>¹</strong></span> <span class='ocrx_word' id='word_1_143' title='bbox 643 2290 690 2320; x_wconf 85' lang='lat' dir='ltr'>Ex</span> <span class='ocrx_word' id='word_1_144' title='bbox 711 2289 915 2330; x_wconf 69' lang='lat' dir='ltr'>Anthologia</span> <span class='ocrx_word' id='word_1_145' title='bbox 934 2290 1120 2321; x_wconf 83' lang='lat' dir='ltr'>Oxoniensi.</span> 
     </span>
    </p>
   </div>
   <div class='ocr_carea' id='block_1_11' title="bbox 1674 2720 1738 2844">
    <p class='ocr_par' dir='ltr' id='par_1_15' title="bbox 1674 2720 1738 2844">
     <span class='ocr_line' id='line_1_27' title="bbox 1674 2720 1738 2844; textangle 90"><span class='ocrx_word' id='word_1_146' title='bbox 1674 2720 1738 2844; x_wconf 36' lang='lat' dir='ltr'>bsx--</span> 
     </span>
    </p>
   </div>
  </div>
 </body>
</html>
