1789 2875
360 309 405 345 16
763 311 1003 344 POEMATA
1033 311 1199 343 SACRA.

355 419 494 458 Officio
525 417 726 468 studioque
754 418 822 456 tibi
852 416 1061 455 concedet:
1103 422 1141 454 et
1168 416 1230 453 illa

353 485 554 522 Undarum
582 483 715 533 regina
743 482 872 532 Tyrus
902 489 939 520 te
967 481 1111 519 murice
1139 487 1176 517 et
1205 492 1298 518 auro

353 549 614 587 Accumulans
644 548 767 586 colet:
806 554 843 585 et
871 547 994 584 vicina
1021 558 1089 595 per
1118 545 1263 595 oppida
1289 545 1364 583 late

352 614 611 652 Procumbent
639 613 706 650 tibi
735 611 954 662 suppliciter
983 611 1164 660 gazisque
1193 616 1382 659 potentes,

351 679 430 717 Aut
458 679 597 728 opibus
625 678 741 715 clari:
780 677 1035 724 meritumque
1064 675 1190 712 feretis
1219 675 1407 714 honorem

351 744 469 781 Hunc
497 743 641 793 populi.
697 741 824 779 Pharii
851 741 978 791 proles
1006 752 1195 789 generosa
1223 742 1372 789 tyranni

351 810 457 846 Tota
486 809 638 853 decens,
668 813 749 844 tota
777 812 834 844 est
863 805 1105 854 gemmisque
1133 805 1294 854 insignis
1323 813 1360 844 et
1390 820 1482 847 auro
1498 824 1507 857 ;

349 874 400 911 Et
428 873 545 911 facies
575 872 717 910 cultum
745 871 914 917 illustrat,
943 870 1115 919 facieque
1144 870 1285 908 decora

349 938 548 976 Pulchrior
577 944 634 975 est
663 937 824 974 animus.
881 935 983 982 Tibi,
1015 935 1114 981 Rex,
1145 938 1212 973 en!
1262 937 1412 976 ducitur
1439 951 1548 986 uxor,

349 1005 466 1041 Dives
495 1015 628 1052 opum,
659 1002 762 1039 dives
791 1002 912 1051 pictai·
939 1001 1052 1038 vestis
1081 1007 1119 1039 et
1147 1002 1238 1047 auri,

348 1069 572 1118 Virginibus
601 1068 780 1105 comitata
808 1067 897 1112 suis,
928 1067 975 1104 de
1004 1067 1120 1116 stirpe
1149 1067 1392 1116 propinun

347 1134 584 1183 Virginibus,
616 1144 712 1181 quas
741 1144 887 1181 pompa
916 1131 1095 1182 frequens
1125 1132 1292 1170 clamore
1322 1135 1493 1173 secundo

347 1199 574 1248 Insequitur,
604 1198 819 1247 plausuque
848 1196 1014 1234 fremens
1043 1197 1240 1247 laetaeque
1269 1198 1433 1237 choreae

349 1264 536 1302 Cantibus
565 1269 769 1311 augustam
796 1262 914 1300 laetas
945 1261 1108 1300 deducet
1136 1263 1185 1299 ad
1213 1263 1351 1302 aulam.

347 1330 435 1367 Neu
465 1319 664 1367 desiderio
683 1329 844 1364 nimium
873 1334 1031 1377 tangare
1059 1333 1225 1374 tuorum,

347 1395 481 1444 Virgo,
510 1394 577 1431 tibi
607 1393 758 1431 dulcem
786 1392 979 1441 patrisque
1009 1399 1045 1430 et
1073 1394 1203 1431 matris
1234 1405 1405 1432 amorem

344 1447 483 1497 ¹Leniet
511 1459 724 1496 adnascens
754 1458 897 1496 subolis
926 1470 1114 1507 generosa
1142 1471 1338 1508 propago:

347 1525 459 1571 Quos
488 1536 619 1573 regere
648 1523 808 1573 imperio
838 1530 966 1569 terras,
996 1530 1196 1573 totumque
1225 1537 1293 1573 per
1320 1526 1455 1563 orbem

345 1591 550 1640 Adspicies
578 1589 745 1638 populos
773 1589 931 1639 sceptris
960 1589 1105 1627 frenare
1135 1591 1332 1638 superbos.

346 1656 430 1693 Nec
459 1662 499 1692 tu
528 1654 770 1699 carminibus,
802 1653 888 1691 Rex
917 1666 1068 1703 magne,
1099 1656 1274 1693 tacebere
1304 1657 1464 1694 nostris:

346 1720 510 1770 Quaque
538 1726 643 1769 patet
671 1719 780 1756 tellus
808 1719 953 1768 liquido
981 1720 1224 1758 circumsona
1251 1728 1373 1770 ponto

345 1786 554 1824 Posteritas
583 1791 619 1822 te
649 1796 733 1821 sera
762 1792 901 1822 canet:
944 1786 1112 1835 dumque
1141 1798 1255 1823 aurea
1284 1787 1409 1824 volvet

343 1851 457 1890 Astra
485 1850 608 1900 polus,
639 1851 801 1887 memori
831 1863 983 1900 semper
1012 1852 1252 1890 celebrabere
1280 1850 1411 1889 Fama.

1278 1916 1543 1954 Buchananus.

820 2070 947 2101 PSAL.
975 2070 1121 2101 XLVII.

343 2176 378 2215 O
410 2177 553 2226 populi,
584 2177 660 2214 lato
690 2190 943 2227 quoscunque
972 2178 1035 2216 alit
1063 2179 1180 2215 ubere
1209 2178 1330 2223 tellus,

342 2242 583 2291 Ingeminate
613 2242 756 2281 alacres
785 2244 973 2292 plausum,
1002 2244 1181 2293 luctuque
1211 2243 1354 2293 fugato.

341 2307 461 2345 Laeta
491 2307 706 2358 triumphali
735 2315 927 2356 resonent,
958 2309 1080 2357 facite,
1110 2309 1241 2348 omnia
1271 2316 1395 2347 cantu.
