1789 2875
310 343 355 366 10

713 333 884 365 POEMA
893 334 953 364 TA
985 334 1041 364 SA
1051 333 1151 363 CRA.

361 440 424 477 Nil
454 440 564 489 igitur
592 446 774 485 metuam,
805 439 892 476 licet
920 450 1046 487 usque
1077 437 1313 486 nigrantibus
1341 438 1486 475 umbris

322 544 326 547 ,
361 506 433 542 Per
461 505 596 542 vallem
625 505 816 553 ingrediar
845 503 996 549 Mortis,
1027 503 1119 540 dum
1149 501 1224 547 Tu,
1253 501 1370 547 Deus,
1402 503 1530 548 adsis;

360 571 541 619 Dumque
571 570 672 618 pedo
702 568 881 618 virgzique
910 567 975 605 tuti
1003 568 1057 605 sic
1086 567 1284 604 auxilieris.

360 637 424 673 Tu
453 647 628 672 mensam
658 635 820 683 dapibus
850 633 1034 677 cumulas
1065 639 1261 682 spectante
1290 632 1459 676 inimico,

361 699 640 748 Perfundisque
669 699 756 736 oleo
786 705 912 747 caput,
944 705 981 735 et
1010 705 1154 735 cratera
1183 710 1356 735 coronas.

361 766 466 802 Dum
495 765 630 809 vivam,
660 771 725 801 tua
752 776 814 800 me
844 764 996 801 bonitas
1025 775 1107 800 non
1137 763 1283 800 deseret:
1311 774 1494 812 unquam,

362 831 483 880 Inque
515 830 632 868 domo
661 829 820 866 Domini
850 841 1001 874 maneo,
1033 841 1259 879 semperque
1287 830 1465 865 manebo.

1320 893 1373 930 R.
1403 893 1452 930 B.
1482 892 1536 930 K.

663 1100 787 1130 IDEM
824 1099 986 1130 PAULO
1022 1097 1205 1129 FUSIUS.

472 1230 577 1276 Quid
606 1230 741 1267 frustra
767 1230 887 1268 rabidi
917 1243 979 1268 me
1009 1230 1147 1279 petitis,
1178 1228 1321 1265 canes?

473 1296 598 1341 Livor,
629 1297 869 1346 propositum
900 1309 966 1334 cur
994 1295 1136 1345 premis
1165 1293 1412 1342 improbum?

475 1361 579 1398 Sicut
607 1368 739 1410 pastor
768 1373 891 1406 ovem,
921 1374 984 1398 me
1014 1360 1208 1398 Dominus
1236 1358 1357 1406 regit;

583 1425 647 1463 Nil
676 1426 794 1464 deerit
822 1426 976 1475 penitus
1005 1425 1108 1462 mihi.

474 1531 545 1568 Per
574 1532 699 1580 campi
730 1531 854 1568 viridis
883 1531 989 1568 mitia
1018 1530 1167 1580 pabula,

475 1596 586 1642 Quae
617 1597 712 1633 veris
741 1597 861 1633 teneri
890 1596 1014 1645 pingit
1042 1597 1266 1641 amoenitas,

477 1661 591 1699 Nunc
622 1674 760 1710 pascor
789 1662 949 1711 placide,
981 1674 1083 1699 nunc
1114 1670 1282 1699 saturum
1311 1661 1407 1697 latus

585 1727 724 1765 Fessus
753 1728 916 1765 molliter
945 1727 1105 1776 explico.

475 1830 597 1869 Purae
626 1832 726 1869 rivus
755 1844 877 1882 aquae
907 1832 1039 1869 leniter
1066 1831 1287 1879 adstrepens

477 1896 664 1934 Membris
693 1898 852 1934 restituit
881 1898 1020 1935 robora
1047 1897 1249 1945 languidis,

477 1962 526 1999 Et
554 1962 697 1999 blando
727 1970 869 2000 recreat
897 1963 1028 2000 fomite
1059 1962 1208 2011 spiritus

589 2028 687 2065 Solis
717 2029 787 2065 sub
817 2028 897 2066 face
926 2026 1077 2066 torridft.

482 2132 606 2169 Saltus
636 2145 755 2182 quum
783 2139 928 2182 peteret
955 2144 1065 2169 mens
1094 2143 1190 2180 vaga
1218 2130 1361 2174 devios,

481 2197 663 2235 Errorum
694 2206 842 2236 teneras
872 2198 1066 2236 illecebras
1097 2208 1273 2245 sequens,

484 2263 657 2301 Retraxit
685 2265 871 2301 miserans
901 2264 1029 2301 denuo
1058 2274 1120 2299 me
1149 2263 1273 2299 bonus

590 2329 725 2367 Pastor
750 2328 917 2376 justitiae
948 2329 987 2365 in
1015 2328 1124 2365 viam.
