1743 2844
614 355 775 386 CANTA
788 354 849 385 TE
877 352 1087 384 DOMINO.

383 461 498 505 Felix,
529 462 587 498 cui
617 459 809 498 Dominus
836 458 915 506 jam
945 455 1066 505 rigida
1095 457 1133 492 in
1162 468 1274 493 cruce

381 526 570 572 Pendens,
596 526 751 574 jamque
780 522 864 560 neci
893 522 1104 571 proximus,
1134 528 1170 558 et
1201 521 1300 558 Patri

378 591 557 629 Sanctam
588 590 728 627 Sancto
758 589 927 626 animam
955 587 1104 624 tradere
1133 587 1320 634 cogitans,

538 654 702 691 Matrem
731 653 929 691 crediderit
960 653 1094 690 suam!

377 741 493 785 Felix,
523 741 588 790 qui
618 753 658 778 se
688 741 835 790 aquilae
866 752 973 778 more
1003 752 1116 789 super
1145 739 1258 789 polos

373 806 542 851 Tollens,
573 813 609 842 et
639 805 755 843 nitida
783 806 822 843 in
851 806 935 843 luce
966 805 1095 843 Deum
1126 805 1272 849 videns,

373 870 514 908 Divino
543 871 683 920 eloquii
712 871 868 908 flumine
904 871 1040 908 Filium

533 936 747 986 Aequalem
778 937 908 974 docuit
940 937 1063 974 Patri!

375 1023 492 1070 Felix,
523 1025 587 1073 qui
617 1025 724 1062 senio
750 1026 831 1074 jam
860 1027 996 1074 gravis,
1026 1033 1063 1063 et
1094 1037 1202 1063 sacra

371 1087 494 1126 Multa
523 1091 657 1127 canitie
687 1097 861 1140 tempora
890 1092 1073 1137 consitus,

371 1152 424 1190 Ut
451 1155 481 1191 si
511 1156 685 1192 membra
714 1156 804 1193 levis
834 1158 1041 1207 corriperet
1071 1168 1199 1206 sopor,

534 1219 581 1257 In
610 1220 751 1258 Christi
780 1223 887 1260 rediit
917 1224 1063 1260 sinum!

376 1307 545 1357 Simplex
575 1317 644 1347 etc.

511 1478 561 1509 IN
599 1480 682 1510 DIE
718 1481 779 1512 SS.
807 1482 1169 1514 INNOCENTIUM.

371 1569 581 1609 Cantemus
610 1579 828 1610 tenerorum
858 1574 1013 1623 agmina
1042 1574 1264 1622 Martyrum,

369 1636 480 1682 Quos
508 1637 608 1686 regis
637 1639 761 1676 rabies
791 1640 944 1677 abstulit
972 1639 1090 1689 impii,

369 1702 499 1740 Cunas
528 1703 698 1742 innocuo
729 1706 915 1754 sanguine
948 1706 1141 1755 proluens,

530 1769 725 1807 Christum
753 1771 913 1820 perdere
943 1772 1036 1808 dum
1066 1771 1163 1808 furit.

369 1857 405 1895 O
435 1858 546 1896 nullis
575 1858 703 1896 feritas
731 1860 888 1909 cognita
916 1860 1087 1905 saeculis,

368 1923 547 1962 Materno
577 1937 717 1974 pueros
746 1938 766 1962 e
796 1926 945 1975 gremio
974 1926 1066 1975 rapi,

368 1989 546 2028 Perfossa
575 1999 615 2028 ut
642 1991 777 2039 gladiis
807 2000 963 2040 pectora
991 1992 1161 2028 barbaris

528 2055 608 2095 Lac
638 2069 727 2095 cum
757 2058 943 2107 sanguine
973 2057 1186 2095 funderent.

370 2143 461 2181 Heu
491 2145 588 2194 quis,
618 2157 737 2195 quum
768 2145 879 2182 solito
909 2152 1040 2194 raptus
1067 2146 1115 2182 ab
1144 2145 1274 2188 ubere,

368 2208 677 2260 Destrictumque
707 2223 850 2260 pavens
881 2211 930 2248 ad
958 2211 1129 2260 gladium
1159 2223 1254 2259 puer

370 2275 536 2314 Blandas
565 2277 731 2314 carnifici
759 2278 969 2327 porrigeret
994 2289 1144 2321 manus,

533 2341 653 2381 Siccis
682 2343 895 2392 adspiceret
924 2343 1059 2392 genis?

1305 1362 1404 1399 Idem
1412 1392 1417 1397 .
