1743 2844
670 336 840 368 POEMA
850 336 910 367 TA
939 336 994 367 SA
1004 335 1107 367 CRA.

420 444 460 481 Si
488 456 559 481 nos
589 456 659 493 pro
688 443 830 481 meritis
859 443 1021 492 accipiat
1050 442 1168 488 Deus,

419 510 569 547 Causae
598 510 650 546 nil
679 509 800 555 fuerit,
830 521 907 558 quo
937 510 1063 545 minus
1094 508 1246 557 agmine

419 576 466 612 In
495 575 618 612 tristes
648 575 815 612 tenebris
846 575 1038 623 perpetuis
1068 574 1208 611 domos

580 640 671 677 Uno
701 640 928 689 praecipites
958 645 1057 688 agat.

421 728 497 766 Sed
526 740 677 776 semper
706 727 826 764 facilis
855 726 956 764 flecti
985 727 1024 763 in
1055 739 1121 765 eos
1151 727 1230 773 fuit,

418 794 531 840 Quos
560 793 693 842 culpae
724 805 771 830 ex
800 793 930 830 animo
961 794 1148 842 poenituit
1177 806 1278 831 suae.

419 859 630 908 Nunquam
660 858 796 895 horum
826 859 1002 908 lacrymis
1031 865 1067 895 et
1095 859 1239 907 gemitu
1267 859 1348 896 tulit

582 924 630 961 Se
660 925 796 962 frustra
823 925 975 962 veniam
1003 924 1092 974 peti.

419 1013 507 1050 Hac
536 1025 614 1062 Spe,
646 1025 762 1061 quam
792 1012 882 1062 Ipse
912 1013 1027 1058 dedit,
1058 1014 1256 1062 poscimus
1284 1020 1323 1050 ut
1357 1013 1459 1061 gravi

420 1079 579 1116 Pressos
609 1084 794 1115 exoneret
822 1079 1004 1127 pondere,
1036 1091 1130 1115 neve
1162 1079 1209 1115 Se

420 1144 466 1181 In
496 1150 628 1180 nostro
658 1143 822 1191 rigidum
851 1144 1008 1181 crimine
1037 1143 1225 1194 Judicem‚

582 1208 658 1246 Sed
686 1209 817 1246 mitem
847 1209 1024 1246 exhibeat
1053 1209 1215 1246 Patrem.

420 1298 592 1347 Simplex
623 1304 693 1334 etc.

1297 1353 1406 1389 Idem.

671 1474 702 1504 A
740 1474 821 1504 DIE
859 1473 1097 1505 CINERUM.

417 1571 547 1608 Multis
577 1576 683 1607 tensa
714 1569 835 1619 epulis
864 1570 1008 1607 viscera
1037 1571 1128 1607 dum
1157 1577 1315 1615 tument,

418 1636 533 1674 Mens
562 1648 748 1686 oppressa
777 1636 868 1672 nihil
898 1637 1041 1685 cogitat
1073 1636 1243 1683 arduum,

418 1703 468 1740 Et
496 1714 604 1740 more
634 1702 811 1739 indomiti
841 1701 1035 1739 luxurians
1064 1702 1150 1750 equi

579 1768 730 1816 Pugnat
756 1767 899 1816 spiritui
926 1779 1027 1804 caro.

419 1857 493 1895 Sed
524 1857 714 1894 subtracto
745 1857 880 1894 eadem
911 1856 1173 1905 comprimitur
1203 1857 1300 1903 cibo,

416 1923 465 1960 Et
493 1935 534 1960 se
564 1923 709 1972 spiritui
736 1924 967 1972 morigeram
996 1922 1168 1960 exhibet:

419 1989 507 2035 Qui,
539 2002 657 2038 quum
688 1989 790 2025 nulla
819 1994 978 2037 gravant
1006 1988 1180 2038 pondera
1210 1988 1391 2034 sordium,

580 2057 625 2093 In
655 2056 806 2094 eoelum
837 2056 936 2093 celer
965 2056 1099 2093 evolat.

417 2144 566 2182 Primus
596 2156 785 2193 corporeo
816 2144 969 2193 Legifer
997 2157 1019 2182 a
1048 2145 1134 2182 cibo

420 2210 483 2246 Bis
512 2210 623 2246 binos
654 2210 781 2248 decies
811 2211 992 2247 abstinuit
1021 2210 1123 2248 dies:

419 2273 548 2320 Quem
578 2274 751 2314 Christus
782 2287 983 2312 numerum
1012 2287 1084 2313 nos
1114 2275 1244 2313 itidem
1274 2275 1379 2324 sequi

576 2340 766 2390 Exemplo
796 2341 925 2379 docuit
954 2353 1036 2379 suo.
