1743 2844
407 636 594 674 HYMNI
626 637 783 675 SACRI
814 638 872 675 IN
904 640 1088 680 FESTIS
1117 643 1415 683 ECCLESIAE

722 725 1102 768 PRAECIPUIS.

743 896 795 927 IN
831 897 1065 932 ADVENTU
1076 924 1083 932 .

285 1020 435 1069 Raptus
463 1022 601 1066 agente
630 1015 728 1062 Deo,
759 1023 991 1067 venturaque
1021 1021 1149 1058 secula
1177 1021 1291 1071 longe

283 1083 527 1132 Prospiciens
559 1081 688 1119 animo
718 1089 835 1127 vates,
867 1082 1047 1121 ferventia
1074 1087 1191 1134 gratis

285 1149 363 1187 Ora
392 1148 498 1185 sonis
526 1146 741 1184 reclusit—‘
757 1147 800 1185 Io
829 1148 952 1186 salve!
992 1150 1141 1199 inclyta,
1173 1152 1296 1189 salve!

283 1214 388 1251 ans
417 1213 512 1250 inter
541 1219 684 1261 genteS‚
715 1214 905 1262 urbesque
935 1217 1118 1264 superbas

282 1279 411 1316 Prima
439 1278 575 1324 futura,
607 1278 760 1316 Salem!
800 1279 890 1316 Tibi
914 1280 1008 1329 jam⁴
1025 1282 1158 1320 solatia
1186 1283 1310 1320 luctus

283 1344 431 1394 Magna
459 1344 551 1388 fero,
581 1344 672 1381 Tibi
700 1344 936 1393 longinquos
964 1347 1152 1394 producta
1181 1360 1248 1397 per
1277 1360 1413 1386 annos

282 1409 468 1460 Praedico
498 1409 668 1458 imperia,
694 1415 731 1447 et
760 1411 875 1448 saecli
905 1413 1096 1450 nascentis
1125 1413 1305 1451 honores.

285 1473 434 1512 Scilicet
463 1475 664 1512 Hebraeas
693 1475 790 1512 inter
818 1476 1021 1524 purissima
1051 1477 1254 1527 Nymphas

284 1540 488 1590 Concipiet
516 1540 651 1589 Virgo,
681 1540 902 1590 Natumque
931 1543 1067 1579 educet
1096 1543 1134 1579 in
1164 1555 1297 1589 auras3

283 1605 396 1642 Illum
425 1607 563 1655 ingens
593 1605 738 1652 Tellus,
771 1606 881 1644 Illum
909 1620 1005 1656 vaga
1033 1607 1202 1654 flumina,
1232 1615 1268 1645 et
1299 1609 1425 1645 omnis

284 1672 498 1721 Amplexus
526 1672 600 1709 late
629 1672 817 1709 terrestria
844 1672 970 1710 littora
998 1680 1138 1722 pontus

285 1736 445 1775 Laetitia
474 1738 665 1787 accipient
694 1745 929 1783 nascentem,
960 1738 1071 1774 Illum
1101 1738 1218 1775 ardua
1248 1739 1344 1775 coeli

286 1804 427 1849 Sidera,
458 1803 721 1852 coelestesque
750 1810 964 1852 agnoscent
993 1803 1159 1840 carmine
1189 1803 1369 1841 Turmae.

285 1870 406 1918 Surge
438 1882 521 1918 age,
551 1869 652 1906 Nate
681 1869 779 1906 Dei!
819 1869 1096 1917 mortalemque
1126 1869 1242 1905 indue
1271 1868 1461 1906 formam!

283 1934 369 1971 En!
412 1935 501 1972 Tibi
529 1942 570 1972 ut
598 1935 683 1984 ipsa
712 1947 852 1984 parens
881 1934 1028 1982 gremio
1059 1933 1207 1970 Natura
1236 1932 1349 1971 feraci
1370 1975 1378 1981 ,

284 2000 435 2037 Fundat
465 2012 582 2050 opes;
623 2003 692 2038 en!
734 2006 775 2037 ut
804 2000 930 2044 flores,
960 2005 1074 2048 atque
1104 1999 1234 2036 omnia
1264 1999 1406 2036 circum

286 2066 449 2115 Spargat
477 2066 657 2103 odoriferi
687 2066 869 2115 spirantia
898 2077 1058 2102 munera
1086 2064 1221 2101 Veris!

284 2131 373 2180 Ipse
402 2138 528 2180 caput,
557 2133 688 2180 magni
717 2131 915 2169 Adventus
942 2131 1022 2180 jam
1052 2129 1242 2174 conscius,
1272 2129 1389 2166 altum

284 2196 438 2234 Laetior
467 2197 602 2234 attollit
630 2197 832 2243 Lebanon,
861 2184 1080 2246 gaudetque
1110 2194 1289 2243 supinam

286 2262 462 2300 Culmine
491 2262 651 2299 humum
680 2275 878 2311 spernens,
909 2261 1136 2309 affectatque
1165 2259 1328 2296 aetheris
1357 2271 1478 2305 auras,

284 2327 556 2376 Fragrantique
586 2328 705 2377 quatit
735 2327 910 2365 salientes
940 2327 1077 2364 vertice
1107 2325 1253 2362 cedros.
