1743 2844
361 693 583 731 DAVIDIS
614 693 673 731 IN
704 693 929 731 SAULUM
958 695 1029 732 ET
1058 695 1447 746 JONATHANUM

761 782 1036 822 THRENUS.

724 937 747 973 ii
770 936 861 974 ΞΛΜ.
885 938 907 974 i.
934 947 1069 986 19—27.

267 1057 424 1106 Ergone
452 1058 689 1106 magnanimi
718 1057 865 1103 heroes,
897 1058 1013 1096 decus
1043 1059 1202 1105 Israelis,

321 1123 423 1160 Proh
453 1123 585 1161 dolor!
625 1123 664 1159 in
694 1123 824 1173 patriis
854 1125 1070 1162 occubuere
1097 1125 1226 1174 jugis?

266 1188 385 1225 Fama
414 1188 635 1226 Philistaeas
665 1188 737 1226 ah!
778 1201 826 1225 ne
855 1189 1045 1237 pertingat
1073 1190 1122 1226 ad
1151 1191 1275 1237 urbes,

318 1252 407 1290 Neu
437 1252 603 1291 Gatham
633 1260 760 1291 tantae
788 1253 922 1290 nuntia
951 1253 1067 1291 cladis
1097 1261 1179 1301 eat;

265 1315 400 1355 Hostis
429 1324 470 1355 ut
498 1319 639 1357 invisos
669 1319 788 1368 agitet
818 1318 900 1355 sine
930 1330 1037 1355 more
1067 1319 1294 1368 triumphos,

315 1381 561 1433 judaieisque
590 1397 707 1422 nurus
737 1384 899 1421 barbara
929 1382 1028 1420 laeta
1056 1383 1178 1422 malis.

263 1445 390 1485 Triste
426 1450 561 1496 solum,
593 1450 757 1488 Gilboa!
796 1449 870 1486 tuis
900 1461 948 1485 ne
978 1448 1017 1485 in
1045 1449 1239 1487 montibus
1268 1463 1437 1501 unquam

314 1512 385 1549 Vel
415 1527 490 1560 ros,
521 1516 578 1552 vel
607 1516 755 1564 pluviae
785 1514 936 1553 decidat
965 1515 1086 1551 imber
1116 1517 1261 1563 aquae!

261 1576 376 1615 Nulla
405 1579 501 1617 ferat
530 1581 675 1629 primos
705 1580 779 1617 aris
808 1586 874 1616 tua
903 1579 1039 1617 messis
1069 1579 1258 1627 honores3

312 1642 371 1680 De
400 1656 519 1693 grege
548 1645 644 1682 lecta
673 1651 739 1682 tuo
769 1645 922 1681 victima
950 1644 1053 1681 nulla
1082 1645 1213 1682 cadat!

259 1706 347 1753 Qua
377 1715 483 1746 scuta
512 1709 683 1755 heroum,
715 1722 791 1758 qua
821 1709 923 1746 Sauli
953 1721 1086 1758 parma
1114 1711 1244 1748 relicta
1273 1719 1338 1757 est,

312 1772 580 1823 Nequicquam
610 1775 705 1812 heu!
742 1786 891 1812 sacrum
921 1775 982 1811 cui
1012 1782 1125 1823 eaput
1153 1777 1262 1813 unxit
1291 1789 1405 1826 onyx.

258 1835 349 1874 Non
379 1839 460 1876 sine
490 1840 608 1877 caede
636 1839 757 1877 virfim
788 1839 890 1877 Sauli
920 1840 1022 1889 prius
1052 1840 1160 1878 hasta
1188 1841 1359 1889 redibat;

311 1901 403 1939 Non
431 1903 642 1953 Jonathani
671 1917 809 1954 expers
839 1905 1038 1954 sanguinis
1068 1918 1177 1943 arcus
1207 1913 1285 1944 erat
1299 1919 1316 1944 :-

256 1965 396 2004 Nobile
425 1980 503 2017 par,
535 1981 634 2019 quos
658 1970 783 2019 junxit
812 1981 931 2016 amor,
962 1982 1060 2019 quos
1089 1971 1211 2020 gloria
1236 1972 1382 2021 junxit;

308 2031 474 2082 Unaque
503 2046 606 2071 nunc
636 2034 712 2072 fato
739 2035 864 2084 jungit
893 2036 1031 2072 acerba
1060 2036 1151 2073 dies.

255 2095 307 2133 Ut
338 2098 479 2135 celeres
508 2099 630 2136 vicere
660 2100 816 2149 aquilas,
846 2101 1068 2150 validosque
1097 2101 1241 2148 leones,

307 2161 463 2200 Viribus
493 2171 529 2201 et
560 2176 670 2201 cursu
700 2165 798 2202 bella
827 2166 926 2203 ciere
955 2168 1088 2215 pares!

253 2227 304 2263 At
333 2239 411 2273 vos,
442 2226 634 2274 Isacades,
667 2228 823 2267 Saulum
857 2230 994 2279 lugete,
1024 2231 1186 2278 Puellae,

309 2290 385 2337 Qui
413 2291 509 2330 dites
538 2293 646 2331 vobis
674 2295 813 2332 rettulit
847 2296 1000 2334 exuvias
1015 2309 1024 2343 ;

1729 2789 1741 2795 δ
