1743 2844
594 350 755 381 CANTA
766 350 828 380 TE
856 350 1068 381 DOMINO.

363 454 439 492 Sed
468 454 603 492 frustra
631 455 752 491 vetitis
782 466 826 491 os
856 460 959 490 tenet
989 466 1010 490 a
1039 453 1144 497 cibis,

361 520 438 566 Qui
469 520 575 558 factis
605 520 774 556 animum
804 519 975 568 turpibus
1006 519 1189 567 inquinat.

359 585 499 635 Jejuno
529 585 702 623 assiduae
724 585 956 622 conveniunt
985 597 1131 633 preces,

521 649 696 699 Cumque
727 650 784 686 his
813 650 1016 687 munificae
1046 661 1193 686 manus.

362 737 531 788 Simplex
561 744 633 775 etc.

1289 791 1400 828 Idem.

511 952 561 983 IN
600 952 844 983 DOMINICA
882 951 1139 983 I'ASSIONIS·

359 1077 565 1126 Aequaeva
594 1077 766 1126 ingenito
795 1076 1005 1125 Progenies
1035 1076 1146 1122 Patri,

360 1141 488 1180 Vitam
517 1149 639 1179 morte
669 1143 745 1180 suis
774 1142 945 1180 redderet
974 1150 1014 1179 ut
1045 1142 1124 1187 sufi,

362 1207 410 1245 Se
440 1207 612 1246 Christus
643 1209 740 1246 nivei
770 1209 914 1246 velleris
944 1208 1109 1245 hostiam

520 1273 630 1312 Ultro
661 1275 848 1324 supplicio
878 1274 1025 1311 obtulit.

360 1377 395 1415 O
425 1390 516 1427 erga
544 1379 751 1417 immeritos
780 1380 898 1416 mirus
927 1390 1036 1416 amor
1070 1377 1163 1415 Dei!

360 1443 514 1489 Natum,
545 1456 642 1493 quae
671 1445 801 1493 pietas,
832 1444 982 1481 tradidit
1010 1444 1166 1480 unicum

360 1508 411 1545 Ut
440 1521 509 1558 pro
539 1509 732 1546 mortifera
761 1510 890 1547 fraude
919 1510 1143 1546 nocentium

519 1574 670 1612 Poenas
700 1575 860 1612 solveret
888 1576 1099 1612 innocens!

359 1677 394 1716 O
425 1691 504 1716 non
534 1679 655 1716 visum
685 1679 776 1717 alias
805 1677 968 1717 sacrifici
995 1689 1130 1727 genus,

356 1743 403 1780 In
433 1757 509 1794 quo
538 1752 693 1782 aeterna
721 1744 808 1782 Deo
837 1757 944 1782 sacra
973 1743 1060 1781 facit
1089 1742 1208 1785 Deus,

355 1810 404 1849 Et
432 1817 594 1849 mortem
624 1811 792 1848 moriens
821 1811 1001 1860 opprimit
1030 1817 1066 1847 et
1095 1810 1165 1847 sibi

516 1877 605 1926 Ipse
635 1885 690 1915 est
719 1877 870 1914 victima
899 1875 1097 1913 Pontifex!

356 1981 392 2019 O
422 1994 513 2020 crux
543 1982 660 2020 tincta
688 1982 784 2019 sacri
813 1981 970 2019 flumine
999 1980 1206 2030 sanguinis,

358 2047 461 2085 Olim
491 2047 720 2097 supplicium
750 2047 951 2096 mancipiis
980 2044 1106 2095 grave,

356 2113 471 2151 Nunc
501 2125 635 2163 regum
664 2113 775 2162 capiti
804 2113 1052 2162 praecipuum
1082 2112 1211 2156 decus,

518 2178 657 2216 Mundi
686 2178 807 2228 gloria
836 2179 1026 2215 maxima!

358 2270 528 2322 Simplex
557 2277 628 2309 etc.

1175 2321 1288 2359 Idem.
