1743 2844
613 326 783 358 POEMA
794 327 851 357 TA
888 326 1049 357 VARJA.
1409 330 1454 366 97

209 429 267 466 Te
297 430 367 467 nisi
398 442 516 480 quum
545 429 642 467 vana
671 430 739 467 sibi
769 442 878 467 mens
908 430 980 467 sub
1009 430 1175 478 imagine
1206 430 1336 479 fingit;

263 495 336 533 Seu
367 496 529 544 vigilem,
560 495 660 532 dulci
689 496 767 532 sive
799 507 938 544 sopore
968 507 1129 544 premar.

209 559 298 597 Hoc
328 561 420 597 mihi
450 559 663 609 nepenthes
693 572 802 597 curas
833 560 1039 598 dissolvere
1070 567 1294 610 promptum
1325 567 1380 597 est
1396 573 1405 605 5

262 626 444 663 Luctibus
474 625 568 662 haec
598 637 675 662 una
704 632 762 663 est
792 632 881 674 apta
910 625 1059 663 medela
1088 625 1194 662 meis.

206 689 356 728 Tecum
386 702 459 739 ego
489 703 591 727 nunc
620 690 752 728 videor
780 696 934 728 teneros
964 702 1182 739 percurrere
1212 702 1353 733 versus,

261 754 346 792 Sive
376 754 533 801 Catulle,
564 762 663 802 tuos,
695 756 770 793 sive
801 756 964 801 Tibulle,
996 763 1108 793 tuos:

207 819 321 857 Nunc
351 820 464 857 etiam
493 833 620 858 rerum
651 833 785 859 causas
815 829 959 859 tentare
989 822 1160 866 latentes,

259 884 413 922 Discere
444 892 480 923 et
508 886 610 923 unde
640 886 760 924 fluant
788 887 929 933 omnia,
960 899 1116 936 quoque
1146 886 1288 933 fluant;

206 950 320 988 Nunc
350 950 467 989 herba
496 953 534 989 in
563 953 680 999 viridi,
710 953 806 990 latae
836 960 1033 1002 porrectus
1064 952 1112 990 ad
1141 953 1317 990 umbram

259 1017 428 1063 Arboris,
460 1024 496 1054 et
524 1018 645 1055 rivum
673 1019 789 1056 molle
821 1019 1024 1068 strepentis
1055 1030 1187 1067 aquae,

207 1081 407 1130 Aurasque
438 1089 475 1119 et
505 1083 634 1120 dulces
664 1084 790 1120 avium
820 1090 974 1132 captare
1005 1095 1188 1128 susurros,

260 1147 408 1197 Perque
437 1148 539 1185 vices
568 1155 696 1185 tecum
725 1148 843 1186 multa
870 1149 1007 1198 jocosa
1036 1148 1152 1197 loqui.

206 1212 338 1249 Gratia
366 1212 449 1260 Dis,
481 1214 545 1262 qui
574 1221 744 1251 mentem
773 1214 920 1251 homini
950 1214 1191 1263 celeremque
1222 1214 1417 1260 dederunt,

260 1277 308 1314 Et
337 1279 491 1328 quaevis
519 1278 687 1317 habilem
717 1280 860 1329 fingere
890 1286 1041 1329 spectra
1070 1280 1152 1317 sibi.

205 1343 275 1381 Illa
303 1351 340 1381 et
368 1344 630 1394 plumipedem
661 1346 843 1394 superarit
872 1345 1012 1383 Persea
1042 1358 1166 1391 cursu,

260 1409 308 1446 Et
337 1409 500 1447 celerem
529 1410 655 1447 invicti
685 1410 995 1459 Bellerophontis
1024 1423 1178 1461 equum.

155 1482 159 1487 ·
207 1475 290 1512 Nec
318 1474 422 1521 mihi,
453 1487 492 1512 se
523 1476 630 1524 cujus
660 1488 785 1513 rerum
815 1483 947 1514 natura
976 1477 1136 1514 creatrix

259 1540 493 1589 Expressam
523 1541 561 1577 in
591 1541 728 1579 tabulis
759 1542 891 1588 cernit,
922 1549 963 1579 ut
991 1542 1030 1579 in
1060 1541 1228 1591 speculo,

206 1606 308 1644 Tam
337 1607 436 1644 bene
466 1614 501 1644 te
531 1606 647 1644 docto
678 1606 854 1645 Titianus
882 1608 1020 1656 pollice
1049 1607 1194 1657 pingat,

259 1672 388 1719 Quam
417 1666 527 1709 mens
556 1678 593 1709 te
622 1672 775 1710 assidue
805 1673 963 1722 pingere
993 1680 1175 1723 prompta
1204 1685 1290 1710 mea
1320 1680 1387 1710 est.

207 1738 331 1786 Atque
361 1737 508 1774 utinam
538 1737 604 1774 tibi
634 1738 680 1775 sit
710 1737 757 1775 de
787 1739 899 1776 nobis
928 1741 1201 1776 mutuacura!

260 1802 344 1840 Nec
373 1804 465 1853 quin
495 1803 553 1849 sit,
583 1803 741 1840 dubito:
782 1804 851 1842 sed
879 1811 1009 1841 tamen
1040 1816 1123 1842 esse
1154 1816 1298 1853 precor.

205 1869 297 1906 Non
327 1881 401 1918 ego
432 1869 578 1918 vulgari
607 1876 654 1915 te,
686 1869 833 1915 Claudi,
864 1871 1074 1919 amplector
1103 1882 1246 1917 amore,

259 1934 364 1985 (Hac
393 1934 476 1972 face
504 1947 587 1971 rara
615 1934 722 1972 Deus
751 1941 908 1984 tangere
938 1936 1055 1973 corda
1085 1936 1182 1973 solet
1195 1935 1221 1987 ε)

206 2000 283 2046 Me,
315 2013 377 2038 me
406 2001 487 2049 ipse
517 2000 697 2046 odissem,
729 2001 799 2037 nisi
829 2008 868 2038 tu
897 2013 959 2038 me
988 2007 1118 2050 gratus
1148 2013 1317 2039 amares:

259 2065 344 2103 Nec
372 2065 444 2102 nisi
474 2077 546 2112 me,
578 2066 761 2114 quoniam
792 2078 878 2104 sum
908 2067 974 2104 tibi
1003 2079 1124 2114 carus,
1156 2080 1256 2105 amo.

205 2131 382 2180 Denique
410 2142 530 2180 quum
558 2130 666 2168 fuero
696 2131 786 2168 nulli
816 2132 1008 2169 credenda
1038 2133 1232 2182 loquutus,

260 2196 351 2234 Pars
381 2203 511 2234 tamen
539 2196 601 2233 illa
629 2196 705 2233 mei
734 2197 889 2246 parvula
918 2198 1059 2235 amoris
1089 2199 1168 2236 erit.

204 2261 258 2299 Di
286 2262 436 2305 faciant,
466 2261 606 2310 longos
635 2261 848 2310 producere
878 2262 987 2301 detur
1015 2264 1054 2300 in
1083 2276 1208 2303 annos

259 2329 294 2365 A
324 2328 450 2378 pueris
480 2334 641 2377 coeptae
670 2327 806 2366 foedus
835 2329 1044 2368 amicitiae!
1323 2329 1434 2367 Idem.

822 2404 847 2429 ri
