1743 2844
272 343 320 376 44

681 336 851 367 POEMA
861 336 920 367 TA
949 336 1005 366 SA
1014 336 1117 368 CRA.

431 439 587 489 Augent
615 440 811 490 angelicos
838 453 941 478 nunc
969 440 1076 489 pueri
1106 439 1255 486 choros,

431 504 481 541 Et
511 504 702 542 Christum
731 505 875 554 liquido
905 512 1072 554 gutturre
1103 505 1334 542 concinunt:

432 568 633 606 Herodem
661 570 804 607 meritis
832 570 959 608 debita
987 571 1124 607 talibus

593 632 724 670 Poena
752 633 790 669 in
820 640 1046 682 perpetuum
1075 633 1223 682 premit.

433 719 602 768 Simplex
632 726 699 757 etc.

590 935 640 965 IN
679 936 763 966 DIE
799 935 1209 968 CIRCUMCISIONIS.

435 1048 671 1086 Circumciso
701 1050 822 1098 agitur
851 1050 914 1087 lux
944 1050 1116 1088 Domino
1147 1063 1266 1095 sacra,

434 1113 545 1159 Quae
570 1114 662 1163 jam,
696 1116 725 1151 si
754 1115 968 1152 Dominum
998 1116 1066 1153 rite
1095 1116 1181 1153 licet
1211 1116 1328 1164 sequi,

432 1179 590 1229 Impura
617 1193 637 1216 e
668 1181 822 1218 tumidis
852 1181 982 1218 omnia
1011 1193 1084 1218 nos
1114 1188 1246 1218 monet

593 1245 875 1284 Circumcidere
905 1247 1095 1284 cordibus.

432 1350 581 1388 Umbra
610 1350 805 1400 Evangelii
835 1351 896 1388 lex
924 1352 1044 1390 fuerat
1072 1360 1178 1390 vetus
1194 1366 1203 1399 3

434 1416 510 1453 Sed
539 1417 595 1454 sol
626 1417 801 1454 exoriens
831 1424 871 1454 ut
899 1419 1075 1455 tenebras
1104 1418 1220 1468 sugat,

436 1482 497 1518 Sic
528 1482 585 1519 sol
611 1482 775 1531 justitiae
805 1482 981 1532 legitimis
1009 1496 1123 1521 suum

593 1548 727 1584 Finem
757 1548 887 1585 ritibus
916 1549 1047 1587 attulit.

434 1652 560 1690 Nobis
589 1665 777 1702 corporeo
808 1654 858 1690 nil
887 1654 1016 1702 gladio
1045 1661 1102 1692 est
1130 1666 1254 1703 opus:

433 1718 567 1755 Sermo
598 1719 739 1767 quippe
769 1718 841 1756 Dei
869 1720 974 1756 vivus
1003 1727 1038 1756 et
1067 1720 1213 1765 efficax,

435 1784 526 1822 Sese
556 1785 674 1822 instar
702 1785 817 1833 gladii
846 1786 1036 1823 mentibus
1065 1785 1242 1832 inferens,

591 1850 655 1887 Ad
683 1851 808 1887 vivum
837 1851 967 1887 omnia
996 1858 1177 1900 persecat.

431 1957 543 2004 Quae
574 1970 726 2007 semper
755 1958 829 1995 vitii
858 1960 1031 2007 germina
1060 1959 1254 2008 pullulant,

431 2024 465 2060 E
495 2025 634 2062 nostris
663 2025 808 2061 utinam
838 2025 1017 2062 cordibus
1047 2027 1239 2074 amputet!

433 2089 537 2125 Anni
566 2090 793 2139 principium
823 2089 869 2127 sit
900 2090 1010 2126 simul
1039 2097 1080 2127 ut
1110 2091 1197 2127 novi

593 2154 703 2192 Vitae
733 2155 961 2204 principium
990 2168 1121 2193 novae.

432 2238 600 2287 Simplex
631 2247 701 2277 etc.

1361 774 1470 813 Idem.

1411 2295 1522 2333 Idem.
