1743 2844
694 324 863 356 POEMA
872 323 931 355 TA
963 322 1018 353 SA
1028 322 1129 352 CRA.

647 513 698 544 IN
738 511 820 542 DIE
856 512 890 542 S.
919 509 1176 542 STEPHANI.

448 622 601 659 Levitae
628 621 778 671 juvenis
808 620 918 657 fortia
947 626 1103 668 pectora

447 687 581 725 Ornari
614 687 732 724 solitis
762 692 911 733 tempus
940 684 1162 728 honoribus,

444 753 591 790 Primus
621 751 787 800 martyrii
816 751 880 799 qui
909 750 979 787 sibi
1009 749 1176 786 lauream

607 817 717 854 Vitae
747 816 932 867 prodigus
961 815 1095 852 induit.

445 916 653 952 Tundebat
681 915 862 963 lapidum,
891 914 1089 963 grandinis
1119 915 1157 950 in
1186 915 1358 960 modum,

444 980 578 1018 Denso
608 981 718 1017 turba
747 979 912 1016 fremens
942 980 1062 1017 imbre
1092 992 1241 1017 sacrum
1270 987 1407 1029 eaput:

444 1045 655 1094 Nunquam
684 1052 789 1082 mota
819 1057 888 1082 suo
918 1045 985 1082 sed
1014 1051 1142 1082 tamen
1171 1052 1228 1084 est
1256 1046 1343 1084 loco

606 1110 720 1148 Mens
752 1109 894 1148 Sancto
925 1111 1029 1148 ebria
1059 1110 1218 1160 Spiritu:

444 1209 520 1246 Sed
550 1221 633 1246 sese
661 1209 700 1244 in
729 1210 865 1247 mediis
894 1211 1030 1248 ictibus
1059 1211 1220 1259 erigens,

442 1275 505 1311 Ad
534 1274 684 1311 eoelum
712 1281 928 1322 penetrans,
960 1278 1029 1313 en!
1069 1278 1129 1322 ait,
1160 1279 1230 1314 en!
1270 1277 1383 1322 Eum,

441 1339 515 1376 Pro
546 1351 623 1388 quo
654 1339 764 1377 dulce
794 1341 891 1377 mori
915 1348 982 1387 est,
1008 1342 1088 1390 jam
1118 1343 1228 1380 video
1255 1343 1376 1379 Patris

602 1405 665 1441 Ad
694 1405 869 1442 dextram
897 1407 1066 1455 positum
1095 1407 1179 1445 Dei.

440 1503 491 1539 At
520 1508 571 1549 tu,
603 1503 761 1550 Christe,
792 1505 877 1541 sinu
906 1506 1057 1554 suscipe
1085 1518 1147 1543 me
1177 1513 1254 1553 tuo,

441 1567 569 1617 Atque
598 1568 667 1615 his,
695 1570 758 1617 qui
789 1571 953 1607 tenebris
982 1572 1154 1620 turpibus
1184 1574 1318 1619 obruti,

442 1632 532 1678 Quo
563 1646 646 1671 sese
676 1634 886 1683 impediant
915 1636 1084 1683 crimine,
1115 1650 1195 1675 non
1225 1638 1352 1676 vident

602 1698 760 1745 Quaeso
789 1706 836 1744 te,
867 1702 1015 1738 veniam
1046 1702 1147 1740 dato.

444 1784 614 1835 Simplex
644 1795 713 1824 etc.

1366 1845 1480 1883 Idem.

437 1996 488 2025 IN
526 1996 608 2027 DIE
646 1997 680 2028 S.
707 1997 951 2038 JOHANNIS
988 2000 1367 2033 EVANGELISTAE.

440 2122 592 2161 Christo
622 2136 712 2173 prae
741 2125 891 2175 reliquis
922 2138 1031 2163 carus
1060 2127 1258 2176 Apostolis

439 2187 515 2234 Qui
545 2201 659 2238 supra
687 2190 833 2227 domini
861 2198 994 2240 peetus
1022 2192 1060 2229 in
1089 2193 1228 2231 ultimis

438 2252 695 2293 Discumbens
724 2257 844 2305 epuiis
874 2258 1091 2306 composuit
1120 2266 1243 2307 caput,

599 2319 711 2358 Festa
740 2321 823 2358 luce
853 2323 1048 2360 canendus
1077 2330 1143 2362 est.
