1743 2844
219 295 267 330 62
583 298 635 328 M.
665 297 887 329 ANTONII
910 295 1116 328 MURETJ

821 430 870 461 11.

690 525 742 557 IN
778 524 999 556 EUNDEM.

214 605 298 650 Dic,
330 604 412 650 dea,
444 604 551 654 quod
578 604 726 653 possim
755 604 963 652 scripturus
993 602 1139 651 fingere
1169 613 1324 647 nomen,

270 669 451 718 Sealigeri
480 668 587 718 quod
615 681 684 717 par
712 668 889 706 laudibus
919 680 1003 705 esse
1034 668 1174 717 queat?

216 734 295 772 Cur
323 735 420 784 petis
448 734 685 783 imprudens,
716 733 822 782 quod
851 733 996 771 habes?
1035 733 1106 779 dic,
1139 733 1328 782 Scaliger:
1372 728 1462 767 illud

271 800 413 839 Omnia
442 801 620 837 virtutum
650 800 809 836 nomina
837 811 983 836 nomen
1013 798 1137 837 habet.

811 930 880 961 III.

690 1023 742 1054 IN
780 1024 1004 1055 EUNDEM.

217 1103 342 1141 Dicite
371 1101 438 1148 mi,
470 1101 618 1147 Musae,
650 1101 858 1139 cultissima
887 1103 1046 1140 numina
1074 1103 1200 1149 nobis,

274 1168 458 1214 Quonam
489 1167 670 1217 Scaligeri
698 1168 854 1217 pascitis
886 1180 954 1206 ora
983 1168 1098 1206 cibo?

220 1234 282 1271 Sic
312 1246 398 1283 ego,
430 1234 483 1271 sic
513 1233 675 1271 Musae:
716 1246 832 1283 quam
861 1241 897 1271 te
928 1235 1115 1271 sententia
1145 1234 1259 1272 fallit!

276 1300 441 1337 Nectare
472 1311 549 1349 quo
579 1299 708 1348 potius
737 1311 809 1337 nos
839 1299 913 1337 alat
941 1300 1035 1349 ipse,
1065 1312 1171 1349 roga.

816 1431 877 1462 IV.

710 1525 773 1555 DE
809 1524 984 1557 SEIPSO.

220 1602 409 1641 Dicebam
439 1603 643 1652 Euterpae,
674 1604 821 1653 coeptis
851 1605 890 1640 in
918 1604 1086 1641 versibus
1116 1603 1289 1648 haerens,

276 1669 471 1706 Auxilium
501 1669 604 1707 fratri
634 1670 799 1719 porrige,
831 1670 926 1715 diva,
958 1676 1035 1707 tuo.

223 1734 408 1772 Fraterno
437 1742 543 1773 mota
572 1742 628 1772 est
657 1735 696 1771 in
726 1736 845 1773 risum
875 1735 1044 1780 nomine,
1074 1735 1192 1783 virgo,

278 1800 327 1838 Et
357 1801 477 1838 nitido
508 1801 646 1838 sudum
675 1801 837 1838 reddidit
866 1813 931 1838 ore
962 1801 1084 1837 diem:

223 1866 337 1904 Tunc
367 1878 440 1915 ego
471 1866 682 1912 subridens,
711 1867 837 1903 mirari
869 1866 1024 1903 desine:
1065 1877 1155 1902 nam
1185 1863 1241 1901 mi

281 1932 319 1969 Si
348 1938 456 1981 pater
485 1939 541 1970 est
571 1932 724 1978 Caesar,
754 1939 794 1970 tu
824 1944 934 1971 soror
964 1944 1048 1969 esse
1078 1938 1201 1980 potes.

834 2064 881 2095 V.

508 2158 650 2199 JULIO
688 2158 892 2190 CAESARI
929 2157 1211 2190 SCALIGERO.

227 2238 360 2285 Quum
391 2238 458 2274 tibi
487 2245 566 2274 tam
597 2239 706 2276 valde
737 2238 912 2287 placeant
941 2249 1028 2275 mea
1057 2237 1236 2281 carmina,
1267 2236 1418 2280 Caesar,

281 2303 353 2340 Vel
384 2303 414 2341 si
445 2316 524 2341 non
554 2304 660 2341 bona
690 2304 775 2350 sint,
801 2305 883 2352 jam
911 2304 1016 2341 bona
1045 2303 1145 2340 sacta
1172 2308 1278 2352 puto.
