1743 2844
652 313 819 344 POEMA
830 313 850 343 7
856 313 888 344 'A
926 313 938 342 l
946 313 1084 344 'ARLL

243 419 354 457 Talia
384 418 475 456 dum
503 418 719 467 lacrymans
749 417 824 455 alto
855 418 925 455 sub
954 424 1110 468 pectore
1140 418 1262 464 volvo,

297 483 490 521 Roscidus
519 483 689 520 occiduis
720 481 920 532 Hesperus
950 483 1027 519 exit
1056 483 1177 532 aquis,

240 550 289 587 Et
319 549 564 586 Tartessiaco
594 549 848 585 submerserat
878 559 1045 597 aequore
1075 560 1225 585 currum

294 614 485 659 Phoebus,
516 614 564 650 ab
593 613 679 650 Eoo
710 613 832 650 littore
863 624 1018 649 mensus
1048 612 1139 649 iter:

241 679 324 718 Nec
353 691 472 725 mora,
503 679 676 716 membra
706 690 800 716 cavo
829 678 943 727 posui
972 678 1180 716 refovenda
1210 678 1334 724 cubili,

293 744 555 783 Condiderant
583 744 716 782 oculos
746 756 902 793 noxque
932 755 1127 793 soporque
1156 755 1287 781 meos:

240 810 372 857 Quum
399 809 492 847 mihi
522 810 623 847 visus
653 822 755 847 eram
784 810 860 847 lato
892 810 1087 859 spatiarier
1117 821 1232 859 agro;

294 874 408 913 Heu!
439 875 570 924 nequit
598 875 795 924 ingenium
825 876 904 913 visa
932 875 1071 913 referre
1101 888 1240 912 meum.

240 940 320 978 Illic
349 940 512 990 punicea
540 941 740 979 radiabant
770 942 902 978 omnia
931 941 1026 988 luce,

294 1005 346 1044 Ut
374 1007 561 1044 matutino
591 1019 710 1056 quum
736 1007 830 1057 juga
858 1007 938 1045 sole
967 1008 1115 1044 rubent.

238 1072 308 1116 Ac,
337 1072 451 1109 veluti
479 1084 598 1121 quum
627 1071 760 1121 pandit
789 1085 884 1121 opes
914 1072 1176 1110 Thaumantia
1205 1072 1344 1121 proles,

292 1137 442 1175 Vestitu
471 1138 582 1175 nituit
611 1138 851 1175 multicolore
882 1138 1018 1175 solum.

238 1202 330 1240 Non
361 1203 434 1240 dea
462 1210 540 1240 tam
570 1204 679 1241 variis
709 1204 856 1240 ornavit
885 1203 1042 1241 floribus
1071 1203 1200 1241 hortos

289 1269 452 1314 Alcinoi,
484 1268 662 1318 Zephyro
693 1268 844 1306 Chloris
874 1276 1000 1306 amata
1031 1269 1113 1306 levi.

235 1333 411 1371 Flumina
439 1341 640 1372 vernantes
669 1335 844 1372 lambunt
873 1341 1053 1383 argentea
1082 1346 1254 1384 campos,

289 1399 414 1437 Ditior
442 1399 635 1450 Hesperio
664 1400 775 1437 flavet
804 1412 919 1437 arena
947 1400 1074 1449 Tago.

237 1464 359 1515 Serpit
388 1466 599 1503 odoriferas
628 1478 695 1515 per
724 1478 819 1515 opes
848 1466 941 1503 levis
969 1478 1060 1503 aura
1090 1466 1245 1512 Favoni,

289 1532 393 1568 Aura
422 1531 493 1568 sub
522 1531 731 1569 innumeris
760 1531 919 1568 humida
947 1538 1036 1568 nata
1064 1532 1174 1569 rosis.

235 1595 341 1634 Talis
371 1597 410 1633 in
440 1598 620 1634 extremis
650 1603 770 1634 terrae
800 1596 1030 1645 Gangetidis
1059 1598 1136 1635 oris

286 1661 452 1700 Luciferi
481 1663 581 1712 regis
611 1663 765 1712 fingitur
794 1675 879 1700 esse
909 1663 1061 1700 domus.

233 1728 322 1777 Ipse
354 1728 582 1766 racemiferis
613 1728 705 1765 dum
734 1728 875 1766 densas
903 1728 1041 1766 vitibus
1069 1729 1237 1773 umbras,

227 1785 236 1796 ⁵
286 1793 336 1831 Et
364 1794 600 1844 pellucentes
628 1794 746 1831 miror
774 1794 917 1842 ubique
946 1793 1066 1838 locos,

232 1859 357 1898 Ecce!
387 1859 480 1897 mihi
509 1860 634 1897 subito
664 1859 820 1897 Praesul
850 1859 1070 1897 Wintonius
1099 1859 1244 1905 adstat;

286 1925 484 1964 Sidereum
513 1925 636 1963 nitido
665 1924 767 1963 fulsit
795 1925 834 1962 in
865 1936 929 1962 ore
954 1925 1092 1974 J'ubar3

229 1992 358 2029 Vestis
387 1991 436 2029 ad
465 1998 618 2030 auratos
648 1991 806 2028 defluxit
836 1990 1002 2028 candida
1031 1990 1152 2036 talos;

283 2057 408 2095 Insula
437 2057 607 2095 divinum
637 2057 808 2094 cinxerat
836 2056 922 2093 alba
951 2063 1090 2105 caput:

228 2124 410 2173 Dumque
439 2136 559 2162 senex
588 2123 652 2161 tali
680 2123 821 2161 incedit
850 2123 1090 2161 venerandus
1120 2122 1273 2169 amictu,

281 2190 482 2228 Intremuit
509 2189 609 2228 laeto
639 2189 759 2228 florea
788 2196 885 2227 terra
915 2201 1026 2227 sono.

227 2257 397 2306 Agmina
426 2256 630 2305 gemmatis
660 2255 849 2305 plaudunt
878 2255 1058 2294 coelestia
1088 2255 1236 2304 pennis,

282 2321 381 2360 Pura
409 2321 628 2372 triumphali
656 2328 836 2372 personat
866 2322 995 2360 aethra
1025 2320 1128 2360 tuba.

1427 319 1498 356 125
