1789 2875
513 322 540 353 C
540 323 569 352 A
575 322 675 353 NTA
686 321 718 351 T
715 321 749 351 E
777 320 976 351 DOMINO

284 427 371 473 Fac,
403 433 531 464 sancte
558 438 686 464 rerum
711 425 912 470 Conditor,
941 431 983 461 ut
1013 424 1172 461 domum

286 492 404 529 Beata
434 503 585 540 semper
613 503 688 540 pax
720 491 820 528 colat
850 490 971 528 Isaci:

339 556 614 605 Tranquillitas
645 568 780 593 secura
808 555 988 605 pulchrae

390 622 582 660 Exhilaret
614 622 792 672 Solymae
823 621 996 659 colonos.

562 875 691 908 PSAL.
721 875 921 907 CXXVIII.

444 981 552 1018 Felix
583 980 619 1019 O
648 987 704 1018 ter
733 988 769 1018 et
799 981 974 1030 amplius,

446 1046 576 1093 Quem
607 1048 719 1084 timor
748 1046 908 1084 Domini
939 1054 973 1084 te

442 1111 571 1158 Quem
603 1124 682 1149 non
710 1112 808 1150 illius
837 1125 860 1149 a
888 1111 948 1149 vizi

979 686 1246 723 Buchananus.

978 1053 1052 1092 net,

547 1177 682 1215 Flectit
711 1178 842 1215 devius
871 1190 985 1215 error.

440 1265 558 1311 Felix,
589 1272 625 1303 et
654 1266 721 1303 tibi
750 1277 935 1314 prospere

445 1330 597 1368 Cedent
625 1331 781 1368 omnia:
823 1343 914 1368 nam
943 1338 1008 1367 tuo

442 1396 587 1446 Carpes
617 1396 742 1434 dulcia
772 1396 911 1434 fercula

549 1461 783 1511 Comparata
811 1462 949 1499 labore.

439 1550 565 1587 Instar
593 1549 760 1598 palmitis
789 1550 895 1586 uberi

440 1615 634 1653 Proventu
662 1616 808 1665 gravidi
838 1621 874 1652 et
903 1614 1017 1652 comzi

440 1680 640 1730 Cingentis
669 1681 774 1718 viridi
805 1681 966 1718 domum

546 1746 605 1785 Te
636 1747 779 1797 conjux
809 1746 990 1784 hilarabit.

440 1835 522 1873 Ceu
550 1836 736 1885 plantaria
765 1835 872 1873 fertili

439 1901 661 1938 Pubescunt
689 1901 797 1939 oleae
827 1901 925 1946 solo,

438 1965 618 2016 Jucundo
648 1967 714 2004 tibi
743 1967 850 2004 liberi

544 2032 713 2082 Cingent
743 2034 896 2082 agmine
926 2045 1113 2071 mensam.

440 2119 568 2165 Quem
600 2121 714 2158 timor
743 2120 903 2158 Domini
933 2127 969 2158 te

439 2184 540 2222 Inter
570 2185 658 2222 talia
687 2185 894 2223 commoda

439 2250 551 2288 Vitae
581 2257 757 2300 tempora
786 2251 968 2300 transiget

973 2127 1049 2166 net,

972 2281 979 2288 n

546 2315 597 2353 At
627 2323 662 2354 te
691 2328 738 2354 ex
769 2328 855 2354 arce
886 2315 1012 2354 Sionis

1332 325 1375 359 27
