1743 2844
633 310 690 341 CA
695 310 796 341 NTA
808 309 869 340 TE
898 308 1105 340 DOMINO.

406 414 515 452 Idem
545 414 721 464 deposito
749 413 922 462 pondere
953 414 1124 463 corporis

406 479 588 518 Exsortes
616 479 762 516 animas
792 479 958 516 criminis
987 479 1138 528 excipit,

408 545 452 582 In
482 546 708 593 coelumque
738 543 882 582 alacres
912 544 1018 590 tollit,
1049 551 1086 581 et
1116 544 1154 580 in
1183 544 1270 581 loco

513 610 627 647 Lucis
656 616 860 659 perpetuae
890 610 999 648 locat.

408 697 577 747 Simplex
607 705 678 735 etc.

1228 749 1339 786 Idem.

409 881 414 886 ι
458 903 508 933 ΙΝ
546 902 694 934 FESTO
731 901 935 934 OMNIUM
973 899 1287 932 SANCTORUM.

302 999 434 1037 Mente
464 999 592 1037 Deum
622 998 718 1049 pura
747 999 919 1049 quisquis
947 1003 1149 1035 veneratur
1177 1002 1368 1045 amatque,

354 1065 425 1103 Vis
453 1066 503 1103 illi
533 1067 695 1103 exterior
723 1066 827 1103 nulla
855 1077 995 1102 nocere
1025 1070 1152 1113 potest
1161 1076 1169 1109 5

302 1131 394 1169 Non
425 1132 455 1168 si
483 1131 585 1168 illum
615 1131 819 1169 obsideant
848 1131 1007 1169 hostiles
1036 1130 1207 1178 undique
1237 1134 1396 1171 turmae,

356 1196 464 1243 Quas
494 1198 572 1234 sitis
600 1197 758 1234 innocui
787 1197 984 1246 sanguinis
1013 1196 1203 1243 exagitet:

303 1262 396 1299 Non
424 1269 505 1300 toto
535 1269 645 1300 coeat
674 1263 705 1299 si
735 1262 925 1311 quidquid
953 1262 990 1299 in
1021 1262 1114 1299 orbe
1144 1260 1308 1297 ferarum
1338 1266 1405 1302 est,

358 1328 407 1365 Et
435 1334 529 1377 quot
557 1328 596 1364 in
627 1327 773 1366 Oceani
803 1328 952 1377 gurgite
981 1333 1154 1364 monstra
1182 1332 1325 1362 natant.

304 1393 384 1439 Ille,
414 1394 500 1431 licet
529 1395 651 1431 tristes
681 1395 826 1443 agitent
855 1393 974 1430 maria
1003 1392 1076 1429 alta
1104 1390 1306 1442 procellae,

358 1458 561 1496 Undarum
590 1460 628 1496 in
657 1459 789 1496 medio
819 1459 959 1496 vertice
988 1464 1090 1495 tutus
1119 1457 1199 1494 erit.

305 1524 397 1562 Non
427 1537 681 1574 quaecunque
710 1531 835 1562 truces
865 1524 1048 1562 adhibent
1076 1520 1267 1560 tormenta
1295 1521 1454 1570 tyranni,

360 1591 464 1629 Illius
491 1604 663 1641 unquam
691 1592 863 1629 animum
893 1590 1096 1629 terrificare
1125 1596 1278 1639 queant.

305 1657 385 1703 Pix,
415 1664 510 1703 rota,
540 1659 666 1704 robur,
696 1671 829 1707 equus,
860 1657 1060 1695 candentis
1089 1656 1232 1693 lamina
1261 1654 1356 1700 ferri,

359 1723 503 1761 Omnia
530 1735 599 1773 pro
629 1723 770 1761 Christi
800 1723 959 1761 nomine
988 1722 1100 1760 ludus
1130 1728 1249 1759 erunt.

306 1788 462 1835 Felices,
491 1802 657 1839 quorum
685 1790 745 1827 ille
774 1790 859 1827 imis
889 1801 998 1826 amor
1026 1789 1177 1825 ossibus
1205 1786 1349 1824 haesit!

362 1854 520 1901 Quanta
547 1855 632 1893 illos
661 1854 765 1892 obita
794 1855 967 1904 praemia
997 1861 1121 1891 morte
1151 1854 1331 1889 manent!

306 1920 343 1957 O
374 1921 404 1957 si
433 1932 496 1957 me
524 1921 725 1969 quondam
754 1932 915 1958 numero
943 1919 1050 1957 Deus
1079 1925 1263 1967 aggreget
1291 1917 1362 1955 illi!

363 1986 475 2032 Quae
504 1994 594 2024 tunc
624 1999 706 2024 sors
734 1987 869 2024 melior
899 1994 999 2024 sorte
1029 1985 1151 2023 futura
1179 1983 1267 2022 mea
1296 1985 1380 2022 est?

309 2051 371 2088 Ah
401 2050 562 2098 Christe,
592 2065 658 2089 ure
685 2064 817 2090 meum
845 2052 1001 2089 tandem
1029 2051 1113 2089 sace
1142 2057 1275 2100 pectus
1305 2049 1440 2094 amica,

362 2117 474 2167 Eque
501 2118 614 2167 pigro
643 2118 806 2155 invisum
835 2117 982 2155 discute
1013 2117 1128 2154 corde
1157 2115 1269 2165 gelu!

310 2181 363 2220 Ut
393 2195 465 2221 nec
495 2196 627 2222 avarus
656 2195 752 2232 opes
781 2189 913 2229 secter,
943 2195 1070 2233 neque
1099 2194 1220 2219 vanus
1249 2181 1430 2226 honores,

363 2247 440 2286 Sed
470 2249 628 2299 flagrem
659 2249 742 2287 solo
772 2255 874 2287 totus
905 2260 1035 2286 amore
1066 2247 1154 2285 Tui.

1237 2312 1350 2350 Idem.
