1743 2844
568 310 729 342 CANTA
740 309 801 340 TE
829 307 1042 341 DOMINO.
1381 314 1400 349 3
1408 315 1428 349 9

174 415 248 458 Tu,
280 416 411 453 dexter
440 413 532 465 pura
561 412 757 451 Genitoris
786 412 871 448 luce
902 411 1103 460 refulgens,

173 480 353 518 Tandem
382 481 582 517 hominum
611 478 767 514 veniens
796 477 967 526 vitasque
997 483 1033 514 et
1062 476 1221 514 crimina
1250 476 1386 521 disces,

173 545 374 595 Largaque
403 544 541 581 Virtuti
571 550 712 580 statues
742 555 809 580 sua
838 544 1006 591 praemia
1032 541 1171 592 Judex.

170 611 230 647 Ad
262 610 321 647 Te
350 609 594 657 confugimus
623 608 762 653 miseri,
792 608 879 657 quis
909 609 1095 657 sanguine
1125 607 1211 645 lotis

170 676 258 726 Ipse
288 682 354 712 tuo
384 674 552 711 clemens
581 673 676 711 coeli
705 685 807 711 nunc
836 675 973 712 annuis
1003 685 1155 719 arcem;

170 739 410 789 Aeternaque
439 738 510 775 tuis
540 749 628 775 curn
658 739 799 776 sanetis
827 739 939 776 laude
969 740 1156 777 corones!

167 805 253 855 Jam
284 805 373 841 Tibi
402 815 474 841 nos
502 804 655 852 penitus
684 809 864 853 totosque
893 807 962 842 en!
1004 805 1187 842 tradimus
1216 804 1336 849 ultro;

169 871 240 915 Te,
269 870 445 907 veniente
475 868 545 913 die,
576 868 646 914 Te,
678 868 899 915 decedente,
929 877 1122 908 canentes.

166 926 278 973 Haec
305 934 395 972 Tibi
424 945 576 982 semper
604 940 740 970 erunt:
774 934 866 971 dum
896 936 1047 985 spiritus
1077 935 1148 973 hos
1178 942 1282 983 reget
1311 941 1420 979 artus,

167 1000 299 1050 Usque
329 1000 446 1037 decus
475 1011 696 1048 nomenque
725 1007 833 1037 tuum
862 1000 1070 1050 laudesque
1099 1001 1319 1037 manebunt.

166 1063 228 1101 Tu
257 1065 388 1109 modo,
419 1064 557 1102 Sancte
586 1064 704 1111 Deus,
734 1065 885 1103 sceleris
914 1067 1096 1115 contagia
1123 1065 1236 1102 nobis

164 1129 266 1167 Pelle
294 1130 428 1179 procul
456 1131 653 1176 miserans,
683 1131 841 1180 expelle,
871 1143 1085 1180 precamur,
1115 1137 1152 1168 et
1180 1130 1267 1168 audi

164 1195 275 1241 Quae
305 1197 469 1246 petimus
498 1195 580 1234 freti
610 1195 760 1234 Christo
790 1195 887 1233 duee
917 1202 954 1233 et
981 1197 1136 1246 auspice
1167 1194 1334 1233 Christo.

163 1259 253 1297 Uno
283 1261 322 1298 in
351 1262 410 1300 Te
440 1274 618 1313 suprema
646 1262 768 1307 salus;
810 1261 990 1299 miserere
1018 1267 1182 1299 tuorum.
