1743 2844
279 269 327 315 96
681 277 851 309 POEMA
860 277 919 308 TA
957 277 1118 309 VARIA.

276 377 466 425 Zamosci,
496 392 562 429 per
591 392 706 430 quem
736 381 850 419 Marti
880 382 1044 420 sociatus
1073 382 1215 432 Apollo
1246 390 1312 430 est,

274 442 353 489 Qui
384 444 524 482 decora
552 445 713 484 heroum
742 448 999 493 accumulans,
1031 455 1067 485 et
1097 448 1263 486 Nestora
1292 449 1394 486 dulci

272 507 439 558 Eloquio
469 523 672 561 exaequas,
702 519 738 549 et
768 512 854 550 forti
883 519 1038 562 pectore
1069 513 1281 551 Achillem:

276 572 327 609 Et
355 574 461 623 leges
490 576 604 613 armis
634 577 789 614 firmans
819 585 856 615 et
883 578 1031 627 legibus
1060 591 1177 625 arma,

273 637 481 676 Victricem
509 640 656 678 laurum
687 648 846 690 pacatae
876 643 1012 680 intexis
1043 644 1173 687 olivae,

272 704 424 742 Arbiter
451 706 553 743 idem
583 707 705 744 almae
735 708 850 756 pacis,
881 708 1045 757 bellique
1075 710 1245 747 minister

274 770 506 819 Impavidus,
537 772 618 810 laus
648 774 792 822 egregii
822 774 977 824 propria
1007 781 1166 823 utraque
1197 775 1311 812 Civis.

273 872 432 920 Salvete,
464 874 524 913 O!
565 876 714 913 animae
744 876 871 922 fortes,
901 877 1126 926 incoctaque
1157 877 1320 914 honesto

271 939 442 985 Pectora,
475 947 511 977 et
539 942 679 990 ignavo
709 954 789 979 non
818 943 944 991 pervia
973 943 1089 980 corda
1119 943 1254 979 timori.

270 1005 354 1043 Vos
384 1018 469 1055 ego,
501 1015 685 1056 quantum
716 1008 796 1045 aevi
826 1008 985 1053 dabitur,
1017 1020 1129 1057 super
1159 1008 1276 1045 ardua
1305 1015 1417 1045 cantu

270 1073 384 1109 Astra
413 1072 544 1117 feram,
570 1085 769 1122 nunquam
799 1074 961 1111 reticens
989 1080 1112 1110 vestra
1140 1073 1279 1122 inclyta
1307 1073 1406 1110 facta
1421 1087 1430 1119 ;

270 1137 387 1174 Facta
415 1137 507 1183 aliis,
534 1138 620 1187 quis
650 1151 794 1176 nomen
818 1139 932 1184 idem,
959 1139 1026 1176 sed
1056 1151 1136 1175 non
1160 1139 1296 1176 eadem
1320 1145 1377 1176 est
1403 1151 1525 1184 mens,

268 1202 346 1239 Aut
375 1203 524 1240 animos
554 1203 710 1249 factura,
741 1211 806 1241 aut
834 1204 1032 1242 incussura
1061 1204 1261 1252 pudorem.

1305 1268 1415 1306 Idem.

827 1373 964 1404 XVIII.

710 1473 775 1503 AD
812 1473 1083 1504 CLAUDIUM.

269 1556 466 1607 Quidquid
495 1569 619 1606 agam,
653 1557 799 1604 Claudi,
833 1570 900 1596 seu
930 1570 1007 1607 quo
1037 1570 1098 1595 me
1129 1562 1271 1594 vertere
1300 1563 1456 1599 tentem,

322 1622 398 1660 Seu
426 1622 530 1669 nihil,
559 1630 598 1660 ut
629 1624 746 1670 soleo,
777 1624 991 1661 desidiosus
1020 1635 1154 1672 agam:

266 1689 366 1725 Ante
396 1688 531 1726 oculos
560 1696 634 1743 tua·
652 1688 708 1726 mi
736 1690 887 1727 assidue
916 1690 1139 1726 obversatur
1167 1689 1307 1736 imago,

319 1753 485 1803 Unaque
514 1754 701 1791 tristitiam
729 1755 852 1804 gignit
882 1761 918 1792 et
946 1767 1022 1792 una
1052 1755 1159 1792 levat.

265 1821 401 1869 Angor
430 1820 533 1856 enim
561 1819 702 1865 infelix,
733 1820 838 1869 quod
867 1827 914 1866 te,
947 1820 1040 1870 (quo
1073 1819 1215 1868 sospite
1246 1818 1371 1856 solum

319 1885 416 1922 Esse
445 1885 556 1922 velim
587 1897 733 1933 sospes,
765 1898 841 1934 quo
863 1886 1049 1922 moriente
1079 1882 1205 1934 mori,)

265 1949 391 1995 Nunc,
420 1951 486 1987 ubi
516 1951 576 1996 sis,
608 1951 699 2000 quid
728 1963 833 2000 agas,
863 1958 1030 1988 veterem
1059 1951 1126 1987 tibi
1156 1962 1247 1987 cura
1275 1949 1501 1987 medentum

317 2017 380 2052 An
410 2016 595 2059 nondum,
624 2017 803 2053 morbum
833 2024 988 2066 pectore
1018 2016 1227 2065 depulerit:

264 2081 346 2118 Nec
378 2082 469 2128 scio,
500 2094 572 2118 nec
599 2082 679 2131 jarn
709 2083 803 2119 scire
833 2081 909 2119 ulla
937 2082 1085 2118 ratione
1114 2081 1215 2130 potis
1244 2092 1350 2118 sum:

317 2146 428 2193 Quae
457 2160 519 2184 me
548 2159 608 2184 res
638 2148 824 2192 crucians,
855 2147 970 2184 unica
999 2159 1097 2196 pene
1128 2152 1251 2184 necat.

260 2213 312 2250 At
341 2225 467 2250 rursus
497 2213 587 2250 nihil
618 2220 685 2259 est,
716 2225 793 2262 quo
822 2224 884 2249 me
914 2212 996 2261 ipse
1026 2212 1100 2249 hoc
1129 2219 1303 2260 tempore
1334 2209 1443 2256 soler,

314 2277 509 2328 Quodque
539 2277 673 2315 oculos
704 2267 797 2315 tristi
827 2283 972 2327 tergeat
1001 2278 1121 2315 imbre
1152 2288 1298 2326 graves,

1664 2741 1725 2844 'uum
