1743 2844
287 292 307 326 3
316 292 333 316 2
698 285 869 317 POEMA
880 285 938 315 TA
966 285 1022 316 SA
1031 284 1133 318 CRA.

287 389 363 427 Hic
392 389 506 427 etiam
535 395 600 427 tua
627 401 689 427 me
721 390 835 428 ducet
863 403 1023 437 manus;
1061 391 1123 428 hic
1152 397 1217 428 tua
1245 402 1397 427 cursum

286 455 454 492 Dextera
481 455 698 504 praeveniet
727 456 926 503 cohibens,
955 457 1210 506 reprimetque
1240 455 1428 505 fugacem.

287 520 393 570 Ergo
423 527 552 569 petam
581 522 770 566 tenebras,
801 528 837 558 et
866 522 1009 559 condar
1038 529 1151 560 nocte
1182 523 1252 559 sub
1282 520 1381 559 atra:

287 586 471 631 Demens,
502 586 567 635 qui
596 592 730 622 tenues
758 587 924 632 umbras,
955 594 991 624 et
1020 587 1148 624 inania
1176 587 1270 633 vela,

290 651 453 689 Sancte!
492 652 566 688 tuis
596 652 793 688 obvertam
823 652 953 697 oculis,
985 652 1212 690 densissima
1241 653 1301 690 cui
1331 664 1409 689 nox

288 714 466 760 Pellucet‚
495 715 751 762 tenebraeque
780 714 885 763 ipsae
916 721 1002 751 sunt
1030 715 1183 752 luminis
1213 716 1340 753 instar.

290 800 350 837 Te
389 799 605 837 Dominum
645 798 930 848 Auctoremque
974 799 1060 837 colo
1079 813 1090 846 3
1143 799 1207 836 Tu
1246 800 1318 838 hos
1359 799 1547 837 Conditor

397 870 500 901 artus

291 930 492 976 Formasffl,
522 935 559 966 et
588 928 744 978 gravida
771 929 897 966 texisti
926 930 1056 966 matris
1086 929 1125 966 in
1154 928 1249 967 alvo.

292 996 505 1044 Obstupeo,
536 1001 573 1032 et
600 1001 743 1031 memet
771 994 868 1032 laeta
898 994 1100 1032 formidine
1129 995 1259 1041 lustro,

292 1061 419 1098 Divini
449 1067 745 1098 monumentum
775 1060 925 1109 operis!
967 1060 1030 1097 Tu
1060 1061 1234 1109 corporis
1264 1071 1421 1097 omnem

293 1126 549 1176 Compagem,
579 1138 747 1163 mersam
776 1126 943 1163 tenebris
973 1134 1009 1164 et
1039 1139 1189 1164 carcere
1219 1138 1347 1171 caeco,

293 1192 517 1242 Perspexti3
557 1199 620 1229 tua
650 1192 776 1229 solerti
805 1205 873 1241 per
903 1192 1053 1241 singula
1083 1193 1200 1230 ductu

293 1259 462 1296 Dextera
491 1259 542 1304 iit,
573 1265 637 1295 tua
666 1258 786 1306 pinxit
815 1270 906 1295 acus
936 1259 1105 1296 mirabile
1134 1264 1291 1296 textum.

294 1324 383 1373 Ipse
411 1324 495 1361 rudi
523 1324 723 1372 invigilans
752 1336 911 1369 massae,
941 1325 1149 1373 primisque
1179 1323 1375 1361 elementis

295 1390 484 1427 Conscius
514 1389 705 1426 instabas:
742 1390 868 1439 jussas
898 1390 1058 1426 orientia
1086 1389 1228 1427 formas

296 1455 475 1493 Membra
503 1455 721 1492 minutatim
750 1455 967 1500 induerunt,
997 1467 1230 1504 quocunque
1259 1466 1416 1492 vocares

295 1522 480 1571 Prompta
508 1522 641 1570 sequi:
681 1533 749 1559 sua
779 1521 914 1570 cuique
943 1522 1014 1559 tuis
1044 1522 1225 1570 inscripta
1253 1521 1399 1558 tabellis

295 1588 452 1638 Effigies
481 1594 573 1634 erat,
603 1593 717 1636 atque
747 1587 873 1636 operis
903 1587 992 1624 data
1021 1599 1157 1624 norma
1185 1586 1309 1623 futuri.

296 1677 349 1715 Ut
378 1676 434 1714 mi
463 1676 634 1713 animum
664 1681 798 1712 sancto
825 1675 1008 1724 permista
1036 1675 1193 1712 horrore
1221 1674 1395 1725 voluptas

298 1743 485 1792 Percipit!
524 1748 565 1778 ut
594 1752 693 1777 vano
719 1742 826 1790 juvat
855 1741 1052 1790 indulgere
1082 1741 1214 1787 labori,

300 1810 404 1846 Dum
433 1815 498 1845 tua
527 1806 636 1852 facta,
667 1806 785 1851 Deus,
816 1807 969 1844 recolo:
1010 1813 1073 1844 tua
1101 1814 1230 1844 mente
1258 1806 1410 1844 revolvo

301 1874 483 1919 Consilia,
513 1879 551 1910 et
579 1885 739 1910 numero
770 1873 922 1910 artificis
950 1873 1132 1910 miracula
1162 1873 1340 1910 dextrae!

299 1940 517 1989 Promptius
546 1938 759 1987 expediam,
790 1945 885 1987 quot
913 1938 1063 1975 volvant
1092 1950 1258 1988 aequora
1286 1938 1445 1983 fluctus;

302 2008 446 2044 Littore
474 2010 611 2042 vexato
643 2016 757 2053 quam
787 2004 926 2041 multae
956 2004 1144 2052 agitentur
1173 2016 1323 2041 arenae.

302 2073 436 2122 Usque
466 2071 601 2108 eadem
632 2071 826 2107 incassum
855 2070 1054 2107 meditanti
1083 2070 1228 2106 lumina
1257 2081 1416 2106 somnus

303 2137 520 2187 Opprimit3
560 2148 682 2185 usque
712 2136 847 2173 eadem
876 2135 1042 2185 vigilanti
1073 2147 1163 2172 cura
1191 2141 1369 2172 recursat.

301 2226 393 2263 Non
423 2224 487 2262 Tu
516 2224 724 2273 sacrilegos
753 2223 901 2273 perdes,
931 2222 1066 2261 Deus?
1101 2223 1168 2267 Ite,
1198 2221 1369 2271 profani!

304 2292 360 2329 Ite
390 2290 534 2341 procul,
565 2290 751 2328 scelerum
781 2297 967 2336 auctoreS‚
999 2289 1205 2339 caedisque
1235 2289 1420 2326 ministri!
