<?xml version="1.0" encoding="UTF-8"?>
<!DOCTYPE html PUBLIC "-//W3C//DTD XHTML 1.0 Transitional//EN"
    "http://www.w3.org/TR/xhtml1/DTD/xhtml1-transitional.dtd">
<html xmlns="http://www.w3.org/1999/xhtml" xml:lang="en" lang="en">
 <head>
  <title>
</title>
<meta http-equiv="Content-Type" content="text/html;charset=utf-8" />
  <meta name='ocr-system' content='tesseract 3.04.00' />
  <meta name='ocr-capabilities' content='ocr_page ocr_carea ocr_par ocr_line ocrx_word'/>
</head>
<body>
  <div class='ocr_page' id='page_1' title='image "./arundinessturisi00kennuoft_0010.png"; bbox 0 0 1789 2875; ppageno 0'>
   <div class='ocr_carea' id='block_1_1' title="bbox 296 274 330 310">
    <p class='ocr_par' dir='ltr' id='par_1_1' title="bbox 296 274 330 310">
     <span class='ocr_line' id='line_1_1' title="bbox 296 274 330 310; baseline 0 0"><span class='ocrx_word' id='word_1_1' title='bbox 296 274 330 310; x_wconf 73' lang='lat' dir='ltr'>vi</span> 
     </span>
    </p>
   </div>
   <div class='ocr_carea' id='block_1_2' title="bbox 294 381 1558 1063">
    <p class='ocr_par' dir='ltr' id='par_1_2' title="bbox 294 381 1550 488">
     <span class='ocr_line' id='line_1_2' title="bbox 342 381 1550 425; baseline 0 -11"><span class='ocrx_word' id='word_1_2' title='bbox 342 382 460 415; x_wconf 84' lang='lat' dir='ltr'><strong>Pauca</strong></span> <span class='ocrx_word' id='word_1_3' title='bbox 486 390 631 425; x_wconf 89' lang='lat' dir='ltr'>quoque</span> <span class='ocrx_word' id='word_1_4' title='bbox 657 381 760 414; x_wconf 88' lang='lat' dir='ltr'>attuli</span> <span class='ocrx_word' id='word_1_5' title='bbox 786 391 829 414; x_wconf 87' lang='lat' dir='ltr'>ex</span> <span class='ocrx_word' id='word_1_6' title='bbox 856 390 939 414; x_wconf 88' lang='lat' dir='ltr'>meo</span> <span class='ocrx_word' id='word_1_7' title='bbox 964 390 1061 424; x_wconf 87' lang='lat' dir='ltr'>penu</span> <span class='ocrx_word' id='word_1_8' title='bbox 1087 381 1313 425; x_wconf 85' lang='lat' dir='ltr'>deprompta,</span> <span class='ocrx_word' id='word_1_9' title='bbox 1337 381 1381 414; x_wconf 93' lang='lat' dir='ltr'>de</span> <span class='ocrx_word' id='word_1_10' title='bbox 1409 381 1550 425; x_wconf 90' lang='lat' dir='ltr'>quibus,</span> 
     </span>
     <span class='ocr_line' id='line_1_3' title="bbox 294 443 1192 488; baseline 0.001 -11"><span class='ocrx_word' id='word_1_11' title='bbox 294 445 556 488; x_wconf 82' lang='lat' dir='ltr'><strong>qualiacunque</strong></span> <span class='ocrx_word' id='word_1_12' title='bbox 574 445 656 487; x_wconf 90' lang='lat' dir='ltr'>sint,</span> <span class='ocrx_word' id='word_1_13' title='bbox 670 444 812 488; x_wconf 87' lang='lat' dir='ltr'>judicet</span> <span class='ocrx_word' id='word_1_14' title='bbox 830 444 968 477; x_wconf 87' lang='lat' dir='ltr'>Lector</span> <span class='ocrx_word' id='word_1_15' title='bbox 983 443 1192 478; x_wconf 87' lang='lat' dir='ltr'>benevolus.</span> 
     </span>
    </p>

    <p class='ocr_par' dir='ltr' id='par_1_3' title="bbox 295 507 1558 1063">
     <span class='ocr_line' id='line_1_4' title="bbox 344 507 1550 552; baseline 0.001 -11"><span class='ocrx_word' id='word_1_16' title='bbox 344 509 513 552; x_wconf 89' lang='lat' dir='ltr'>Denique</span> <span class='ocrx_word' id='word_1_17' title='bbox 532 508 567 541; x_wconf 89' lang='lat' dir='ltr'>in</span> <span class='ocrx_word' id='word_1_18' title='bbox 585 508 638 541; x_wconf 92' lang='lat' dir='ltr'>his</span> <span class='ocrx_word' id='word_1_19' title='bbox 654 507 781 542; x_wconf 84' lang='lat' dir='ltr'>libellis</span> <span class='ocrx_word' id='word_1_20' title='bbox 799 508 1035 542; x_wconf 84' lang='lat' dir='ltr'>contexendis</span> <span class='ocrx_word' id='word_1_21' title='bbox 1050 508 1135 541; x_wconf 92' lang='lat' dir='ltr'>illud</span> <span class='ocrx_word' id='word_1_22' title='bbox 1148 508 1234 541; x_wconf 89' lang='lat' dir='ltr'><strong>mihi</strong></span> <span class='ocrx_word' id='word_1_23' title='bbox 1250 509 1406 543; x_wconf 85' lang='lat' dir='ltr'><strong>maxime</strong></span> <span class='ocrx_word' id='word_1_24' title='bbox 1420 519 1550 542; x_wconf 86' lang='lat' dir='ltr'>caven-</span> 
     </span>
     <span class='ocr_line' id='line_1_5' title="bbox 295 571 1553 616; baseline 0 -11"><span class='ocrx_word' id='word_1_25' title='bbox 295 573 381 605; x_wconf 88' lang='lat' dir='ltr'>dum</span> <span class='ocrx_word' id='word_1_26' title='bbox 399 572 529 615; x_wconf 78' lang='lat' dir='ltr'><strong>putavi,</strong></span> <span class='ocrx_word' id='word_1_27' title='bbox 547 582 593 605; x_wconf 92' lang='lat' dir='ltr'>ne</span> <span class='ocrx_word' id='word_1_28' title='bbox 614 572 700 616; x_wconf 90' lang='lat' dir='ltr'>quid</span> <span class='ocrx_word' id='word_1_29' title='bbox 722 571 954 606; x_wconf 85' lang='lat' dir='ltr'>admitterem</span> <span class='ocrx_word' id='word_1_30' title='bbox 979 572 1044 605; x_wconf 88' lang='lat' dir='ltr'>nisi</span> <span class='ocrx_word' id='word_1_31' title='bbox 1069 572 1166 615; x_wconf 93' lang='lat' dir='ltr'>quod</span> <span class='ocrx_word' id='word_1_32' title='bbox 1191 572 1235 606; x_wconf 83' lang='lat' dir='ltr'>ad</span> <span class='ocrx_word' id='word_1_33' title='bbox 1254 577 1418 606; x_wconf 86' lang='lat' dir='ltr'>veterum</span> <span class='ocrx_word' id='word_1_34' title='bbox 1439 572 1553 615; x_wconf 90' lang='lat' dir='ltr'>scrip-</span> 
     </span>
     <span class='ocr_line' id='line_1_6' title="bbox 295 636 1553 680; baseline 0.001 -11"><span class='ocrx_word' id='word_1_35' title='bbox 295 641 415 670; x_wconf 83' lang='lat' dir='ltr'>torum</span> <span class='ocrx_word' id='word_1_36' title='bbox 450 647 615 670; x_wconf 89' lang='lat' dir='ltr'>normam</span> <span class='ocrx_word' id='word_1_37' title='bbox 648 641 816 671; x_wconf 86' lang='lat' dir='ltr'>exactum</span> <span class='ocrx_word' id='word_1_38' title='bbox 850 640 957 670; x_wconf 89' lang='lat' dir='ltr'>esset.</span> <span class='ocrx_word' id='word_1_39' title='bbox 1021 637 1055 669; x_wconf 89' lang='lat' dir='ltr'>Si</span> <span class='ocrx_word' id='word_1_40' title='bbox 1090 647 1181 680; x_wconf 89' lang='lat' dir='ltr'>quae</span> <span class='ocrx_word' id='word_1_41' title='bbox 1216 636 1313 671; x_wconf 91' lang='lat' dir='ltr'>forte</span> <span class='ocrx_word' id='word_1_42' title='bbox 1347 637 1446 680; x_wconf 82' lang='lat' dir='ltr'><strong>mihi,</strong></span> <span class='ocrx_word' id='word_1_43' title='bbox 1480 638 1553 671; x_wconf 90' lang='lat' dir='ltr'>sive</span> 
     </span>
     <span class='ocr_line' id='line_1_7' title="bbox 296 699 1557 745; baseline 0.001 -12"><span class='ocrx_word' id='word_1_44' title='bbox 296 699 443 742; x_wconf 68' lang='lat' dir='ltr'><strong>incuria,</strong></span> <span class='ocrx_word' id='word_1_45' title='bbox 461 711 524 734; x_wconf 90' lang='lat' dir='ltr'>seu</span> <span class='ocrx_word' id='word_1_46' title='bbox 547 701 670 745; x_wconf 87' lang='lat' dir='ltr'>quavis</span> <span class='ocrx_word' id='word_1_47' title='bbox 687 700 754 734; x_wconf 58' lang='lat' dir='ltr'>alia</span> <span class='ocrx_word' id='word_1_48' title='bbox 772 700 817 734; x_wconf 88' lang='lat' dir='ltr'>de</span> <span class='ocrx_word' id='word_1_49' title='bbox 836 699 953 742; x_wconf 68' lang='lat' dir='ltr'><strong>causa,</strong></span> <span class='ocrx_word' id='word_1_50' title='bbox 972 700 1089 733; x_wconf 89' lang='lat' dir='ltr'>minus</span> <span class='ocrx_word' id='word_1_51' title='bbox 1112 699 1147 733; x_wconf 93' lang='lat' dir='ltr'>in</span> <span class='ocrx_word' id='word_1_52' title='bbox 1172 700 1263 734; x_wconf 87' lang='lat' dir='ltr'><strong>hanc</strong></span> <span class='ocrx_word' id='word_1_53' title='bbox 1282 711 1447 735; x_wconf 84' lang='lat' dir='ltr'>normam</span> <span class='ocrx_word' id='word_1_54' title='bbox 1465 712 1557 734; x_wconf 90' lang='lat' dir='ltr'>con-</span> 
     </span>
     <span class='ocr_line' id='line_1_8' title="bbox 296 763 1555 808; baseline 0.001 -11"><span class='ocrx_word' id='word_1_55' title='bbox 296 765 417 798; x_wconf 86' lang='lat' dir='ltr'>venire</span> <span class='ocrx_word' id='word_1_56' title='bbox 436 764 659 806; x_wconf 86' lang='lat' dir='ltr'>videbantur,</span> <span class='ocrx_word' id='word_1_57' title='bbox 678 775 720 797; x_wconf 89' lang='lat' dir='ltr'>ea</span> <span class='ocrx_word' id='word_1_58' title='bbox 738 764 931 797; x_wconf 86' lang='lat' dir='ltr'>emendare</span> <span class='ocrx_word' id='word_1_59' title='bbox 957 774 1029 797; x_wconf 89' lang='lat' dir='ltr'>non</span> <span class='ocrx_word' id='word_1_60' title='bbox 1058 763 1238 808; x_wconf 86' lang='lat' dir='ltr'>dubitavi;</span> <span class='ocrx_word' id='word_1_61' title='bbox 1265 765 1366 808; x_wconf 92' lang='lat' dir='ltr'>cujus</span> <span class='ocrx_word' id='word_1_62' title='bbox 1384 765 1555 798; x_wconf 80' lang='lat' dir='ltr'>audaciae</span> 
     </span>
     <span class='ocr_line' id='line_1_9' title="bbox 295 827 1554 872; baseline -0.001 -10"><span class='ocrx_word' id='word_1_63' title='bbox 295 829 435 862; x_wconf 83' lang='lat' dir='ltr'>veniam</span> <span class='ocrx_word' id='word_1_64' title='bbox 454 839 473 861; x_wconf 87' lang='lat' dir='ltr'><strong>a</strong></span> <span class='ocrx_word' id='word_1_65' title='bbox 491 839 715 862; x_wconf 89' lang='lat' dir='ltr'>summorum</span> <span class='ocrx_word' id='word_1_66' title='bbox 734 829 894 861; x_wconf 90' lang='lat' dir='ltr'>virorum</span> <span class='ocrx_word' id='word_1_67' title='bbox 913 827 1083 861; x_wconf 85' lang='lat' dir='ltr'><strong>Manibus</strong></span> <span class='ocrx_word' id='word_1_68' title='bbox 1107 838 1150 861; x_wconf 86' lang='lat' dir='ltr'>eo</span> <span class='ocrx_word' id='word_1_69' title='bbox 1176 838 1234 861; x_wconf 89' lang='lat' dir='ltr'>me</span> <span class='ocrx_word' id='word_1_70' title='bbox 1258 827 1396 861; x_wconf 85' lang='lat' dir='ltr'><strong>facilius</strong></span> <span class='ocrx_word' id='word_1_71' title='bbox 1420 829 1554 872; x_wconf 86' lang='lat' dir='ltr'>impre—</span> 
     </span>
     <span class='ocr_line' id='line_1_10' title="bbox 297 893 1556 937; baseline 0 -11"><span class='ocrx_word' id='word_1_72' title='bbox 297 898 478 926; x_wconf 84' lang='lat' dir='ltr'>traturum</span> <span class='ocrx_word' id='word_1_73' title='bbox 497 903 614 937; x_wconf 78' lang='lat' dir='ltr'>spero,</span> <span class='ocrx_word' id='word_1_74' title='bbox 633 893 731 937; x_wconf 91' lang='lat' dir='ltr'>quod</span> <span class='ocrx_word' id='word_1_75' title='bbox 749 893 902 926; x_wconf 88' lang='lat' dir='ltr'>eandem</span> <span class='ocrx_word' id='word_1_76' title='bbox 921 893 1128 926; x_wconf 87' lang='lat' dir='ltr'>libertatem</span> <span class='ocrx_word' id='word_1_77' title='bbox 1154 893 1357 935; x_wconf 86' lang='lat' dir='ltr'>corrigendi</span> <span class='ocrx_word' id='word_1_78' title='bbox 1375 896 1413 926; x_wconf 88' lang='lat' dir='ltr'>et</span> <span class='ocrx_word' id='word_1_79' title='bbox 1430 903 1556 926; x_wconf 89' lang='lat' dir='ltr'>emen-</span> 
     </span>
     <span class='ocr_line' id='line_1_11' title="bbox 297 956 1558 1001; baseline 0 -11"><span class='ocrx_word' id='word_1_80' title='bbox 297 957 416 998; x_wconf 84' lang='lat' dir='ltr'>dandi,</span> <span class='ocrx_word' id='word_1_81' title='bbox 438 958 465 990; x_wconf 93' lang='lat' dir='ltr'>si</span> <span class='ocrx_word' id='word_1_82' title='bbox 492 958 578 1001; x_wconf 84' lang='lat' dir='ltr'>quid</span> <span class='ocrx_word' id='word_1_83' title='bbox 604 957 781 991; x_wconf 81' lang='lat' dir='ltr'><strong>incautius</strong></span> <span class='ocrx_word' id='word_1_84' title='bbox 808 957 935 1000; x_wconf 85' lang='lat' dir='ltr'><strong>erravi,</strong></span> <span class='ocrx_word' id='word_1_85' title='bbox 957 956 1035 999; x_wconf 82' lang='lat' dir='ltr'>tibi,</span> <span class='ocrx_word' id='word_1_86' title='bbox 1060 956 1197 990; x_wconf 91' lang='lat' dir='ltr'>Lector</span> <span class='ocrx_word' id='word_1_87' title='bbox 1223 957 1375 999; x_wconf 87' lang='lat' dir='ltr'>erudite,</span> <span class='ocrx_word' id='word_1_88' title='bbox 1402 957 1558 991; x_wconf 87' lang='lat' dir='ltr'>libenter</span> 
     </span>
     <span class='ocr_line' id='line_1_12' title="bbox 297 1019 1556 1063; baseline -0.002 -8"><span class='ocrx_word' id='word_1_89' title='bbox 297 1021 481 1063; x_wconf 87' lang='lat' dir='ltr'>concedo;</span> <span class='ocrx_word' id='word_1_90' title='bbox 508 1025 545 1054; x_wconf 88' lang='lat' dir='ltr'>et</span> <span class='ocrx_word' id='word_1_91' title='bbox 571 1024 611 1053; x_wconf 96' lang='lat' dir='ltr'>ut</span> <span class='ocrx_word' id='word_1_92' title='bbox 636 1020 672 1053; x_wconf 91' lang='lat' dir='ltr'>id</span> <span class='ocrx_word' id='word_1_93' title='bbox 698 1019 817 1062; x_wconf 83' lang='lat' dir='ltr'><strong>facias,</strong></span> <span class='ocrx_word' id='word_1_94' title='bbox 839 1019 1052 1062; x_wconf 89' lang='lat' dir='ltr'>corrigenda</span> <span class='ocrx_word' id='word_1_95' title='bbox 1078 1020 1304 1062; x_wconf 85' lang='lat' dir='ltr'>corrigendo,</span> <span class='ocrx_word' id='word_1_96' title='bbox 1329 1020 1556 1054; x_wconf 82' lang='lat' dir='ltr'>emendanda</span> 
     </span>
    </p>
   </div>
   <div class='ocr_carea' id='block_1_3' title="bbox 298 1084 1554 1192">
    <p class='ocr_par' dir='ltr' id='par_1_4' title="bbox 298 1084 1554 1192">
     <span class='ocr_line' id='line_1_13' title="bbox 298 1084 1554 1127; baseline 0.001 -9"><span class='ocrx_word' id='word_1_97' title='bbox 298 1084 535 1123; x_wconf 80' lang='lat' dir='ltr'>emendando,</span> <span class='ocrx_word' id='word_1_98' title='bbox 570 1084 805 1117; x_wconf 85' lang='lat' dir='ltr'>vehementer</span> <span class='ocrx_word' id='word_1_99' title='bbox 839 1088 875 1117; x_wconf 93' lang='lat' dir='ltr'>te</span> <span class='ocrx_word' id='word_1_100' title='bbox 910 1084 1018 1117; x_wconf 87' lang='lat' dir='ltr'>etiam</span> <span class='ocrx_word' id='word_1_101' title='bbox 1054 1087 1163 1127; x_wconf 84' lang='lat' dir='ltr'>atque</span> <span class='ocrx_word' id='word_1_102' title='bbox 1198 1084 1307 1117; x_wconf 85' lang='lat' dir='ltr'>etiam</span> <span class='ocrx_word' id='word_1_103' title='bbox 1342 1095 1442 1127; x_wconf 85' lang='lat' dir='ltr'>rogo,</span> <span class='ocrx_word' id='word_1_104' title='bbox 1476 1096 1554 1127; x_wconf 75' lang='lat' dir='ltr'>oro,</span> 
     </span>
     <span class='ocr_line' id='line_1_14' title="bbox 298 1148 589 1192; baseline -0.007 -9"><span class='ocrx_word' id='word_1_105' title='bbox 298 1153 408 1192; x_wconf 85' lang='lat' dir='ltr'>atque</span> <span class='ocrx_word' id='word_1_106' title='bbox 426 1148 589 1182; x_wconf 85' lang='lat' dir='ltr'>obsecro.</span> 
     </span>
    </p>
   </div>
   <div class='ocr_carea' id='block_1_4' title="bbox 394 1240 1435 1349">
    <p class='ocr_par' dir='ltr' id='par_1_5' title="bbox 394 1240 1435 1349">
     <span class='ocr_line' id='line_1_15' title="bbox 394 1240 1435 1285; baseline 0 -11"><span class='ocrx_word' id='word_1_107' title='bbox 394 1241 503 1285; x_wconf 86' lang='lat' dir='ltr'>Qod</span> <span class='ocrx_word' id='word_1_108' title='bbox 528 1245 700 1285; x_wconf 83' lang='lat' dir='ltr'>superest,</span> <span class='ocrx_word' id='word_1_109' title='bbox 727 1241 829 1274; x_wconf 91' lang='lat' dir='ltr'>nobis</span> <span class='ocrx_word' id='word_1_110' title='bbox 855 1240 1057 1283; x_wconf 78' lang='lat' dir='ltr'>nostrisque</span> <span class='ocrx_word' id='word_1_111' title='bbox 1084 1240 1203 1274; x_wconf 80' lang='lat' dir='ltr'>favere</span> <span class='ocrx_word' id='word_1_112' title='bbox 1230 1245 1435 1275; x_wconf 84' lang='lat' dir='ltr'>memento:</span> 
     </span>
     <span class='ocr_line' id='line_1_16' title="bbox 440 1303 1356 1349; baseline 0 -11"><span class='ocrx_word' id='word_1_113' title='bbox 440 1306 560 1349; x_wconf 85' lang='lat' dir='ltr'>Atque</span> <span class='ocrx_word' id='word_1_114' title='bbox 586 1306 637 1338; x_wconf 79' lang='lat' dir='ltr'>ita</span> <span class='ocrx_word' id='word_1_115' title='bbox 662 1315 756 1338; x_wconf 91' lang='lat' dir='ltr'><strong>nunc</strong></span> <span class='ocrx_word' id='word_1_116' title='bbox 783 1304 875 1346; x_wconf 88' lang='lat' dir='ltr'>dico,</span> <span class='ocrx_word' id='word_1_117' title='bbox 903 1303 1038 1338; x_wconf 83' lang='lat' dir='ltr'>Lector</span> <span class='ocrx_word' id='word_1_118' title='bbox 1061 1305 1356 1345; x_wconf 73' lang='lat' dir='ltr'>amice‚—VALE.</span> 
     </span>
    </p>
   </div>
  </div>
 </body>
</html>
