1743 2844
271 331 319 365 24
678 324 849 357 POEMA
858 327 918 358 ΤΑ
948 328 1004 359 SA
1013 329 1117 362 CRA.
1698 263 1703 349 l

484 429 561 466 Fae
591 434 676 467 tuae
705 429 829 468 fructu
858 432 1041 471 bonit‘atis
1076 435 1177 472 aucti

484 493 637 532 Gaudio
667 496 822 532 tandem
854 498 1032 536 satiemur
1041 513 1051 545 ,-
1091 501 1215 550 aegris

482 559 609 598 Liberi
638 567 679 597 ut
708 562 806 598 curis
836 562 999 611 reliquos
1029 576 1189 613 agamus

699 625 869 664 Suaviter
897 640 1021 667 annos
1040 643 1048 666 :

483 724 604 761 Cedat
633 730 669 761 et
698 724 806 762 laetis
835 725 986 774 fugiens
1014 728 1181 766 vicissim

481 790 645 836 Luctus;
686 796 821 828 exacto
851 791 991 829 modus
1020 800 1056 829 et
1083 793 1203 831 labori

481 856 554 892 Par
581 855 785 904 voluptatis
815 857 968 894 subiens
998 870 1169 896 amarum

696 920 847 971 Mitiget
876 935 1022 960 aevum.

479 1020 608 1066 Facta,
630 1020 821 1069 majestas,
853 1033 982 1070 opera,
1011 1022 1225 1071 amplitudo

478 1085 584 1123 Nota
613 1085 687 1123 sint
717 1087 834 1124 servis
863 1094 937 1133 tua,
967 1088 1209 1137 posterisque

479 1150 583 1189 Nota
613 1163 819 1198 servorum,
850 1159 915 1190 tua
944 1154 1008 1202 qui
1037 1153 1196 1191 libenter

694 1216 809 1266 Jussa
837 1224 1055 1268 capessunt.

478 1314 556 1352 Fac
585 1321 672 1352 tuae
701 1326 854 1364 semper
881 1316 1063 1353 bonitatis
1092 1322 1134 1354 ut
1162 1329 1236 1354 nos

479 1380 670 1429 Splendor
698 1380 866 1426 illustret,
895 1381 998 1417 bone
1028 1380 1170 1418 Rector
1198 1383 1328 1420 orbis:

478 1444 633 1483 Gratiae
662 1445 864 1495 adspirans
892 1445 999 1484 favor
1028 1447 1199 1485 actiones

693 1511 895 1560 Prosperet
925 1523 1074 1549 omnes.

1355 1577 1468 1615 Idem.

745 1756 875 1788 PSAL.
906 1756 1030 1788 CXIV.

261 1883 393 1929 Quum
422 1880 576 1918 Domus
605 1879 800 1918 Isacidum
830 1881 969 1929 patrias
998 1887 1185 1918 remearet
1214 1880 1263 1918 ad
1293 1893 1392 1926 oras,

314 1947 558 1995 Barbaraque
588 1946 729 1983 invisae
757 1946 945 1995 linqueret
974 1958 1061 1983 arva
1090 1946 1224 1983 Phari:

261 2014 350 2062 Ipse
379 2012 486 2050 Deus
514 2010 655 2061 Judam
685 2011 840 2049 coelesti
871 2012 1029 2049 numine
1058 2018 1182 2048 tutum

315 2078 442 2115 Fecit:
482 2084 560 2114 erat
588 2077 721 2126 populi
751 2077 906 2126 signifer
936 2077 1025 2126 Ipse
1055 2077 1124 2114 sui.

260 2143 376 2187 Vidit,
407 2148 444 2180 et
473 2143 651 2180 attonitas
680 2143 871 2192 trepidum
901 2156 1005 2180 mare
1035 2142 1168 2180 diffidit
1198 2142 1346 2180 undas:

314 2207 493 2258 Jordanis
522 2207 673 2256 refugas
703 2208 741 2245 in
771 2215 886 2258 eaput
916 2209 992 2258 egit
1022 2220 1152 2257 aquas.

259 2274 366 2311 Dura
394 2285 462 2322 per
490 2274 668 2311 intonsos
697 2274 892 2311 saluerunt
921 2274 1088 2311 culmina
1116 2276 1283 2319 montes,

315 2338 368 2375 Ut
399 2345 543 2376 saturas
574 2340 686 2388 gestit
715 2339 792 2377 dux
823 2340 948 2389 gregis
978 2340 1075 2376 inter
1103 2350 1217 2376 oves:
