1743 2844
519 335 821 368 EPIGRAMMA
833 334 889 364 TA
922 332 1045 363 SELE
1051 332 1078 363 C
1083 332 1114 362 T
1111 333 1141 363 A
1146 356 1152 362 .
1418 339 1435 376 7
1446 341 1462 377 7

745 481 929 512 XXXVII.

324 582 445 613 IDEM
484 582 545 613 EX
581 581 803 612 ADVERSO
841 579 1118 612 RESPICIENS
1155 580 1353 612 FONTEM

669 658 1004 691 NYMPHARUM.

211 744 287 792 Qui
313 744 434 782 colitis
463 743 670 790 Bacchum,
701 744 861 782 comites
891 744 1003 781 simul
1032 743 1159 780 addite
1187 743 1409 794 Nymphas:

262 809 364 848 Nam
394 810 473 848 sine
503 821 578 858 ope
608 810 756 846 illarum
783 821 944 846 munera
973 817 1103 846 nostra
1132 816 1283 847 nocent.

728 972 933 1003 XXXVIII.

542 1072 592 1102 IN
631 1072 866 1103 TABL'LAM
903 1073 1129 1104 TANTALI.

206 1157 245 1196 Si
274 1156 430 1206 quando
460 1155 660 1194 admittant
690 1168 758 1194 sua
787 1163 823 1193 te
853 1157 901 1194 ad
931 1165 1077 1195 secreta
1106 1165 1294 1207 potentes,

260 1222 444 1272 Quisquis
474 1234 524 1267 es,
555 1222 734 1271 exemplo
765 1223 868 1260 disce
896 1229 1020 1261 tacere
1049 1236 1148 1261 meo.

749 1388 915 1419 XXXIX.

209 1490 258 1521 IN
294 1489 529 1521 TABULAM
560 1488 753 1530 JASONIS
785 1487 1097 1528 NAVIGANTIS,
1124 1488 1186 1518 ET
1220 1488 1462 1523 HERCULIS

445 1567 648 1598 RAPTUM
686 1566 859 1596 HYLAM
897 1566 1220 1606 QUAERENTIS.

201 1653 355 1691 Viribus
384 1651 558 1698 auferres,
590 1651 695 1701 quod
724 1650 854 1688 fraude
883 1651 1035 1701 parabis
1063 1650 1207 1701 Jason:

257 1719 379 1768 Eripit
405 1718 570 1756 Alciden
599 1718 667 1755 sed
695 1718 762 1755 tibi
789 1724 920 1767 raptus
949 1716 1081 1767 Hylas.

797 1880 870 1911 XL.

310 1981 584 2012 RAPHAELIS
623 1980 900 2021 URBINATIS,
939 1980 1160 2013 PICTORIS
1197 1982 1360 2014 EXIMII

467 2059 718 2091 TUMULUS.
793 2059 895 2091 IPSE
930 2059 1198 2100 LOQUITUR.

202 2144 262 2182 Sic
293 2156 380 2181 mea
408 2150 583 2181 naturam
611 2155 748 2181 manus
778 2149 835 2180 est
862 2143 1017 2190 imitata,
1048 2143 1164 2182 videri

254 2209 389 2247 Posset
417 2215 459 2246 ut
487 2209 570 2259 ipsa
597 2221 704 2246 meas
733 2220 816 2246 esse
844 2209 989 2247 imitata
1017 2222 1162 2249 manus.

202 2275 324 2324 Saepe
354 2275 449 2311 meis
477 2273 613 2312 tabulis
642 2274 725 2323 ipsa
754 2280 810 2312 est
839 2274 982 2321 delusa,
1012 2287 1199 2326 suumque

255 2339 427 2378 Credidit
456 2351 552 2385 esse,
582 2352 693 2378 meae
722 2339 828 2390 quod
856 2339 925 2378 fuit
949 2341 1048 2387 artis,
1079 2353 1188 2391 opus.
