1743 2844
473 734 830 787 POEMATA
886 732 1133 785 VARIA.

676 927 689 929 u
703 921 884 933 u--c—
898 925 932 928 fi,

792 1080 821 1111 1.

244 1191 295 1222 m
331 1191 591 1222 TABELLAM
628 1191 746 1222 SOLE
782 1190 963 1222 PICTAM
999 1190 1153 1222 AMrco
1190 1191 1372 1223 MISSAM

542 1270 655 1301 KAL.
682 1270 784 1310 JAN.
809 1270 905 1300 A.D.
939 1255 1074 1313 1877.

181 1365 303 1412 QUAM
332 1366 397 1403 tibi
427 1378 528 1403 nunc
557 1366 667 1403 mitto
697 1365 865 1403 tabulam
895 1365 1064 1414 depinxit
1097 1366 1263 1415 Apollo;

235 1431 410 1480 Pingenti
440 1431 599 1470 Phoebo
629 1438 669 1469 tu
697 1431 816 1469 modo
845 1431 958 1469 crede
986 1431 1083 1469 deo:

181 1496 304 1534 Crede
334 1497 419 1542 deo,
449 1497 534 1545 plus
563 1503 628 1543 est,
660 1509 775 1546 quam
805 1497 911 1547 quod
939 1497 1119 1543 videatur,
1149 1498 1300 1548 imago;

235 1561 346 1599 Adde
376 1574 514 1599 sonum
542 1562 704 1608 tabulae,
733 1563 906 1611 protinus
935 1562 1017 1611 ipse
1046 1563 1200 1612 loquar:

180 1628 268 1677 Ipse
297 1628 440 1677 loquar,
471 1628 706 1677 multamque
733 1629 799 1666 tibi
829 1640 944 1674 nunc,
975 1641 1070 1674 care,
1102 1629 1262 1666 salutem

233 1693 371 1730 Dicam
401 1705 504 1731 anno
533 1694 572 1730 in
601 1706 737 1743 gyrum
763 1695 845 1743 jam
871 1694 1053 1731 redeunte
1083 1706 1206 1732 suurn.

180 1760 303 1798 Ecce!
342 1759 489 1808 loquor,
521 1759 697 1808 festoque
727 1759 788 1797 die
817 1759 871 1797 sic
900 1766 937 1797 te
965 1760 1047 1809 ipse
1077 1759 1208 1806 saluto,

235 1824 324 1871 Quo
355 1825 490 1862 damus
518 1825 682 1862 alternas
710 1826 994 1874 accipimusque
1023 1838 1168 1874 preces.

181 1889 322 1927 Fausta
349 1902 495 1939 precor,
522 1891 717 1940 jubeoque
746 1903 889 1928 novum
918 1891 1061 1928 salvere
1091 1904 1158 1940 per
1187 1904 1342 1938 annum,

236 1955 287 1993 Et
316 1956 458 1993 salvere
489 1957 634 2002 iterum,
665 1965 778 2006 teque
806 1963 988 2006 tuamque
1018 1957 1188 1996 domurn.

185 2020 308 2058 Multa
336 2020 460 2058 serunt
488 2022 577 2058 anni
608 2022 801 2059 venientes
831 2022 1039 2059 commoda
1068 2034 1220 2069 secum;

235 2084 348 2123 Plura
377 2086 443 2123 tibi
472 2086 634 2132 rediens,
666 2087 812 2137 optima
839 2099 1026 2138 quaeque,
1057 2087 1172 2126 ferat!

1255 2152 1308 2190 R.
1321 2152 1367 2190 B.
1383 2152 1426 2189 K
1431 2182 1438 2190 .

772 2406 841 2432 (32
