1789 2875
555 273 716 304 CANTA
726 272 789 303 TE
816 271 1026 303 DOMINO.

382 377 580 427 Quidquid
610 388 779 414 erramus
808 382 949 413 temere
979 383 1042 413 aut
1071 376 1248 425 maligne,

382 443 494 489 Quae
522 443 635 479 timor
664 441 760 479 celat
788 441 953 478 tenebris
983 440 1167 490 pudorve,

383 509 445 546 Tu
474 508 590 554 vides,
622 519 693 544 nec
724 507 783 544 Te
813 507 904 544 latet
933 507 1090 556 inquieti

596 572 766 610 Pectoris
794 578 932 610 aestus.

385 660 490 697 Dum
520 661 572 698 tui
601 672 749 709 poenas
778 659 932 696 meritas
962 659 1097 697 furoris

386 725 501 764 Mens
530 718 761 770 reformidat,
791 737 912 774 prope
942 725 1114 774 cogitatu

387 791 507 830 Ocius
535 792 632 828 vitae
663 791 827 839 spatium
857 791 980 829 citatis

603 855 764 905 Aufugit
793 856 871 894 alis.

391 942 539 992 Septies
569 942 692 979 denos
719 942 888 991 spatiosa
916 942 955 978 in
984 954 1108 979 annos

389 1005 478 1042 Vita
507 1005 717 1054 procurrit;
754 1005 892 1054 quibus
921 1010 979 1042 est
1008 1011 1164 1042 senecta

391 1070 564 1116 Firmior,
596 1069 714 1108 ferme
742 1070 781 1106 in
811 1070 1005 1108 decimum
1035 1078 1237 1120 supersunt

605 1135 782 1185 Amplius
811 1148 967 1173 annum.

393 1223 498 1269 Quid
528 1223 734 1261 senectutis
763 1235 976 1260 memorem
1005 1223 1182 1261 labores?

393 1288 622 1326 Transvolat
650 1288 814 1325 blandae
842 1289 956 1326 breve
985 1301 1048 1326 ver
1072 1290 1261 1339 juventae,

395 1354 550 1404 Inquies
580 1354 680 1391 curis
709 1353 932 1403 miserisque
959 1355 1114 1400 morbis,

610 1418 731 1457 Ocius
759 1418 875 1456 Euro.

395 1507 547 1546 Deinde
576 1507 661 1556 quis
688 1507 813 1556 justae
843 1506 1015 1545 tolerabit
1041 1508 1118 1546 irae

396 1574 602 1622 Impetum,
633 1572 663 1609 si
689 1573 770 1621 jam
796 1572 932 1622 jubeas
961 1581 1146 1613 nocentes

397 1640 473 1678 Pro
503 1638 624 1676 modo
653 1637 828 1675 offensae
858 1651 1097 1689 numeroque
1123 1642 1245 1690 justas

614 1703 784 1741 Pendere
813 1706 986 1753 poenas?

401 1794 463 1831 Sic
493 1793 614 1839 Pater,
645 1792 698 1830 sic
729 1791 777 1838 O,
808 1805 1008 1831 numerare
1037 1793 1163 1831 fluxae

400 1859 485 1897 Nos
515 1859 612 1896 doce
640 1859 739 1896 vitae
768 1858 944 1908 spatium,
974 1859 1129 1897 caducis

402 1925 518 1963 Mens
548 1930 588 1961 ut
617 1936 639 1961 a
669 1924 766 1961 curis
796 1931 984 1970 revocata,
1014 1926 1091 1962 veri

617 1990 769 2027 Lumen
799 1989 950 2028 honesti

404 2077 558 2116 Cernat.
614 2078 651 2117 O
678 2078 835 2116 tandem
864 2077 1038 2127 placidus
1067 2077 1273 2128 favensque

405 2144 551 2182 Desine
580 2144 733 2190 irarum,
763 2144 998 2193 propiusque
1028 2143 1143 2181 servis

408 2210 571 2260 Semper
599 2208 752 2247 assueta
781 2209 871 2247 Tibi
900 2209 1052 2247 lenitate

624 2274 795 2314 Consule
824 2275 944 2314 fessis.
