<?xml version="1.0" encoding="UTF-8"?>
<!DOCTYPE html PUBLIC "-//W3C//DTD XHTML 1.0 Transitional//EN"
    "http://www.w3.org/TR/xhtml1/DTD/xhtml1-transitional.dtd">
<html xmlns="http://www.w3.org/1999/xhtml" xml:lang="en" lang="en">
 <head>
  <title>
</title>
<meta http-equiv="Content-Type" content="text/html;charset=utf-8" />
  <meta name='ocr-system' content='tesseract 3.04.00' />
  <meta name='ocr-capabilities' content='ocr_page ocr_carea ocr_par ocr_line ocrx_word'/>
</head>
<body>
  <div class='ocr_page' id='page_1' title='image "./arundinessturisi00kennuoft_0114.png"; bbox 0 0 1743 2844; ppageno 0'>
   <div class='ocr_carea' id='block_1_1' title="bbox 265 292 1110 339">
    <p class='ocr_par' dir='ltr' id='par_1_1' title="bbox 265 292 1110 339">
     <span class='ocr_line' id='line_1_1' title="bbox 265 292 1110 339; baseline -0.006 -12"><span class='ocrx_word' id='word_1_1' title='bbox 265 293 313 339; x_wconf 84' lang='lat'><strong>98</strong></span> <span class='ocrx_word' id='word_1_2' title='bbox 673 293 844 325; x_wconf 76' lang='lat' dir='ltr'><em>POEMA</em></span> <span class='ocrx_word' id='word_1_3' title='bbox 857 293 912 324; x_wconf 82' lang='lat' dir='ltr'><strong>TA</strong></span> <span class='ocrx_word' id='word_1_4' title='bbox 950 292 1110 323; x_wconf 81' lang='lat' dir='ltr'><em>VARJA.</em></span> 
     </span>
    </p>
   </div>
   <div class='ocr_carea' id='block_1_2' title="bbox 598 414 1183 536">
    <p class='ocr_par' dir='ltr' id='par_1_2' title="bbox 598 414 1183 536">
     <span class='ocr_line' id='line_1_2' title="bbox 844 414 943 446; baseline 0.01 -1"><span class='ocrx_word' id='word_1_5' title='bbox 844 414 943 446; x_wconf 88' lang='lat' dir='ltr'>XIX.</span> 
     </span>
     <span class='ocr_line' id='line_1_3' title="bbox 598 501 1183 536; baseline -0.003 -1"><span class='ocrx_word' id='word_1_6' title='bbox 598 505 637 536; x_wconf 88' lang='lat' dir='ltr'><strong>L.</strong></span> <span class='ocrx_word' id='word_1_7' title='bbox 678 504 882 536; x_wconf 88' lang='lat' dir='ltr'><strong>MEMMIO</strong></span> <span class='ocrx_word' id='word_1_8' title='bbox 918 501 1183 534; x_wconf 87' lang='lat' dir='ltr'><strong>FREMIOTO.</strong></span> 
     </span>
    </p>
   </div>
   <div class='ocr_carea' id='block_1_3' title="bbox 266 574 1506 1802">
    <p class='ocr_par' dir='ltr' id='par_1_3' title="bbox 266 574 1506 688">
     <span class='ocr_line' id='line_1_4' title="bbox 266 574 1506 626; baseline -0.004 -12"><span class='ocrx_word' id='word_1_9' title='bbox 266 578 377 623; x_wconf 90' lang='lat' dir='ltr'><strong>Quae</strong></span> <span class='ocrx_word' id='word_1_10' title='bbox 406 576 498 613; x_wconf 93' lang='lat' dir='ltr'><strong>mihi</strong></span> <span class='ocrx_word' id='word_1_11' title='bbox 523 577 616 626; x_wconf 89' lang='lat' dir='ltr'><strong>jam,</strong></span> <span class='ocrx_word' id='word_1_12' title='bbox 646 589 745 626; x_wconf 87' lang='lat' dir='ltr'><strong>quae</strong></span> <span class='ocrx_word' id='word_1_13' title='bbox 775 583 811 614; x_wconf 89' lang='lat' dir='ltr'><strong>te</strong></span> <span class='ocrx_word' id='word_1_14' title='bbox 840 577 959 622; x_wconf 90' lang='lat' dir='ltr'><strong>tellus,</strong></span> <span class='ocrx_word' id='word_1_15' title='bbox 991 575 1155 613; x_wconf 90' lang='lat' dir='ltr'><strong>Memmi</strong></span> <span class='ocrx_word' id='word_1_16' title='bbox 1184 574 1341 624; x_wconf 89' lang='lat' dir='ltr'><strong>optime,</strong></span> <span class='ocrx_word' id='word_1_17' title='bbox 1373 578 1506 618; x_wconf 88' lang='lat' dir='ltr'><strong>servat,</strong></span> 
     </span>
     <span class='ocr_line' id='line_1_5' title="bbox 321 641 1145 688; baseline 0 -10"><span class='ocrx_word' id='word_1_18' title='bbox 321 642 398 688; x_wconf 89' lang='lat' dir='ltr'><strong>Qui</strong></span> <span class='ocrx_word' id='word_1_19' title='bbox 427 641 519 678; x_wconf 89' lang='lat' dir='ltr'><strong>mihi</strong></span> <span class='ocrx_word' id='word_1_20' title='bbox 548 642 649 679; x_wconf 87' lang='lat' dir='ltr'><strong>vitali</strong></span> <span class='ocrx_word' id='word_1_21' title='bbox 679 655 720 680; x_wconf 92' lang='lat' dir='ltr'><strong>es</strong></span> <span class='ocrx_word' id='word_1_22' title='bbox 749 642 893 679; x_wconf 89' lang='lat' dir='ltr'><strong>lumine</strong></span> <span class='ocrx_word' id='word_1_23' title='bbox 922 642 1145 680; x_wconf 82' lang='lat' dir='ltr'>amabilior?</span> 
     </span>
    </p>

    <p class='ocr_par' dir='ltr' id='par_1_4' title="bbox 268 705 1365 822">
     <span class='ocr_line' id='line_1_6' title="bbox 268 705 1365 756; baseline -0.002 -12"><span class='ocrx_word' id='word_1_24' title='bbox 268 708 352 745; x_wconf 87' lang='lat' dir='ltr'><strong>Nos</strong></span> <span class='ocrx_word' id='word_1_25' title='bbox 381 708 462 745; x_wconf 90' lang='lat' dir='ltr'><strong>sine</strong></span> <span class='ocrx_word' id='word_1_26' title='bbox 491 714 528 744; x_wconf 92' lang='lat' dir='ltr'><strong>te</strong></span> <span class='ocrx_word' id='word_1_27' title='bbox 557 707 751 744; x_wconf 77' lang='lat' dir='ltr'><strong>Venetfim</strong></span> <span class='ocrx_word' id='word_1_28' title='bbox 781 707 938 756; x_wconf 68' lang='lat' dir='ltr'><strong>pulchra</strong></span> <span class='ocrx_word' id='word_1_29' title='bbox 966 718 1162 744; x_wconf 83' lang='lat' dir='ltr'>versamur</span> <span class='ocrx_word' id='word_1_30' title='bbox 1191 706 1230 743; x_wconf 91' lang='lat' dir='ltr'><strong>in</strong></span> <span class='ocrx_word' id='word_1_31' title='bbox 1259 705 1365 750; x_wconf 91' lang='lat' dir='ltr'><strong>urbe,</strong></span> 
     </span>
     <span class='ocr_line' id='line_1_7' title="bbox 324 772 1280 822; baseline 0 -13"><span class='ocrx_word' id='word_1_32' title='bbox 324 774 454 820; x_wconf 89' lang='lat' dir='ltr'><strong>Quam</strong></span> <span class='ocrx_word' id='word_1_33' title='bbox 483 773 651 810; x_wconf 87' lang='lat' dir='ltr'><strong>tumidus</strong></span> <span class='ocrx_word' id='word_1_34' title='bbox 680 773 823 822; x_wconf 85' lang='lat' dir='ltr'>rapidis</span> <span class='ocrx_word' id='word_1_35' title='bbox 852 773 974 811; x_wconf 93' lang='lat' dir='ltr'><strong>Adria</strong></span> <span class='ocrx_word' id='word_1_36' title='bbox 1003 773 1120 821; x_wconf 86' lang='lat' dir='ltr'>cingit</span> <span class='ocrx_word' id='word_1_37' title='bbox 1149 772 1280 821; x_wconf 90' lang='lat' dir='ltr'><strong>aquis:</strong></span> 
     </span>
    </p>

    <p class='ocr_par' dir='ltr' id='par_1_5' title="bbox 268 839 1250 954">
     <span class='ocr_line' id='line_1_8' title="bbox 268 839 1250 884; baseline -0.001 -8"><span class='ocrx_word' id='word_1_38' title='bbox 268 840 317 876; x_wconf 77' lang='lat' dir='ltr'><strong>Et</strong></span> <span class='ocrx_word' id='word_1_39' title='bbox 345 839 466 876; x_wconf 90' lang='lat' dir='ltr'><strong>modo</strong></span> <span class='ocrx_word' id='word_1_40' title='bbox 496 840 679 876; x_wconf 79' lang='lat' dir='ltr'><strong>miramur</strong></span> <span class='ocrx_word' id='word_1_41' title='bbox 708 840 850 877; x_wconf 80' lang='lat' dir='ltr'><strong>celeres</strong></span> <span class='ocrx_word' id='word_1_42' title='bbox 880 840 1082 877; x_wconf 79' lang='lat' dir='ltr'><strong>decurrere</strong></span> <span class='ocrx_word' id='word_1_43' title='bbox 1109 839 1250 884; x_wconf 87' lang='lat' dir='ltr'><strong>lintres,</strong></span> 
     </span>
     <span class='ocr_line' id='line_1_9' title="bbox 325 904 1242 954; baseline -0.001 -13"><span class='ocrx_word' id='word_1_44' title='bbox 325 904 518 942; x_wconf 86' lang='lat' dir='ltr'><strong>Mercibus</strong></span> <span class='ocrx_word' id='word_1_45' title='bbox 547 911 612 941; x_wconf 89' lang='lat' dir='ltr'><strong>aut</strong></span> <span class='ocrx_word' id='word_1_46' title='bbox 639 905 815 953; x_wconf 85' lang='lat' dir='ltr'><strong>gravidas</strong></span> <span class='ocrx_word' id='word_1_47' title='bbox 845 906 1003 954; x_wconf 82' lang='lat' dir='ltr'><strong>segnius</strong></span> <span class='ocrx_word' id='word_1_48' title='bbox 1033 905 1086 941; x_wconf 90' lang='lat' dir='ltr'><strong>ire</strong></span> <span class='ocrx_word' id='word_1_49' title='bbox 1115 910 1242 941; x_wconf 85' lang='lat' dir='ltr'><strong>rates:</strong></span> 
     </span>
    </p>

    <p class='ocr_par' dir='ltr' id='par_1_6' title="bbox 270 968 1367 1085">
     <span class='ocr_line' id='line_1_10' title="bbox 270 968 1367 1018; baseline -0.001 -11"><span class='ocrx_word' id='word_1_50' title='bbox 270 971 319 1007; x_wconf 80' lang='lat' dir='ltr'><strong>Et</strong></span> <span class='ocrx_word' id='word_1_51' title='bbox 347 970 467 1008; x_wconf 91' lang='lat' dir='ltr'><strong>modo</strong></span> <span class='ocrx_word' id='word_1_52' title='bbox 497 977 738 1008; x_wconf 85' lang='lat' dir='ltr'><strong>constructas</strong></span> <span class='ocrx_word' id='word_1_53' title='bbox 768 971 966 1008; x_wconf 85' lang='lat' dir='ltr'><strong>immensis</strong></span> <span class='ocrx_word' id='word_1_54' title='bbox 996 970 1212 1018; x_wconf 87' lang='lat' dir='ltr'><strong>sumptibus</strong></span> <span class='ocrx_word' id='word_1_55' title='bbox 1242 968 1367 1014; x_wconf 85' lang='lat' dir='ltr'><strong>aedes,</strong></span> 
     </span>
     <span class='ocr_line' id='line_1_11' title="bbox 326 1035 1261 1085; baseline -0.002 -12"><span class='ocrx_word' id='word_1_56' title='bbox 326 1036 433 1082; x_wconf 88' lang='lat' dir='ltr'><strong>Quas</strong></span> <span class='ocrx_word' id='word_1_57' title='bbox 463 1035 622 1073; x_wconf 89' lang='lat' dir='ltr'><strong>totidem</strong></span> <span class='ocrx_word' id='word_1_58' title='bbox 651 1048 786 1085; x_wconf 85' lang='lat' dir='ltr'><strong>regum</strong></span> <span class='ocrx_word' id='word_1_59' title='bbox 815 1035 953 1073; x_wconf 87' lang='lat' dir='ltr'><strong>dixeris</strong></span> <span class='ocrx_word' id='word_1_60' title='bbox 982 1047 1066 1073; x_wconf 90' lang='lat' dir='ltr'><strong>esse</strong></span> <span class='ocrx_word' id='word_1_61' title='bbox 1096 1035 1261 1072; x_wconf 85' lang='lat' dir='ltr'><strong>domos:</strong></span> 
     </span>
    </p>

    <p class='ocr_par' dir='ltr' id='par_1_7' title="bbox 272 1100 1302 1212">
     <span class='ocr_line' id='line_1_12' title="bbox 272 1100 1242 1150; baseline 0 -13"><span class='ocrx_word' id='word_1_62' title='bbox 272 1101 440 1150; x_wconf 86' lang='lat' dir='ltr'><strong>Templa</strong></span> <span class='ocrx_word' id='word_1_63' title='bbox 468 1101 583 1137; x_wconf 86' lang='lat' dir='ltr'><strong>etiam</strong></span> <span class='ocrx_word' id='word_1_64' title='bbox 613 1101 757 1138; x_wconf 85' lang='lat' dir='ltr'><strong>radiata</strong></span> <span class='ocrx_word' id='word_1_65' title='bbox 786 1113 888 1146; x_wconf 86' lang='lat' dir='ltr'><strong>auro,</strong></span> <span class='ocrx_word' id='word_1_66' title='bbox 920 1101 1065 1138; x_wconf 86' lang='lat' dir='ltr'><strong>radiata</strong></span> <span class='ocrx_word' id='word_1_67' title='bbox 1094 1100 1242 1149; x_wconf 86' lang='lat' dir='ltr'><strong>lapillis,</strong></span> 
     </span>
     <span class='ocr_line' id='line_1_13' title="bbox 328 1162 1302 1212; baseline -0.002 -11"><span class='ocrx_word' id='word_1_68' title='bbox 328 1164 417 1201; x_wconf 91' lang='lat' dir='ltr'><strong>Huc</strong></span> <span class='ocrx_word' id='word_1_69' title='bbox 447 1165 553 1201; x_wconf 86' lang='lat' dir='ltr'><strong>trabe</strong></span> <span class='ocrx_word' id='word_1_70' title='bbox 582 1176 680 1212; x_wconf 88' lang='lat' dir='ltr'><strong>quos</strong></span> <span class='ocrx_word' id='word_1_71' title='bbox 710 1162 827 1200; x_wconf 70' lang='lat' dir='ltr'><strong>multa</strong></span> <span class='ocrx_word' id='word_1_72' title='bbox 854 1163 1016 1212; x_wconf 83' lang='lat' dir='ltr'><strong>prodiga</strong></span> <span class='ocrx_word' id='word_1_73' title='bbox 1043 1163 1154 1200; x_wconf 87' lang='lat' dir='ltr'><strong>mittit</strong></span> <span class='ocrx_word' id='word_1_74' title='bbox 1183 1162 1264 1200; x_wconf 91' lang='lat' dir='ltr'><strong>Eos</strong></span> <span class='ocrx_word' id='word_1_75' title='bbox 1278 1162 1302 1199; x_wconf 89' lang='lat'><strong>¹.</strong></span> 
     </span>
    </p>

    <p class='ocr_par' dir='ltr' id='par_1_8' title="bbox 274 1228 1321 1341">
     <span class='ocr_line' id='line_1_14' title="bbox 274 1228 1272 1278; baseline -0.002 -11"><span class='ocrx_word' id='word_1_76' title='bbox 274 1230 358 1267; x_wconf 90' lang='lat' dir='ltr'><strong>Nec</strong></span> <span class='ocrx_word' id='word_1_77' title='bbox 387 1229 490 1266; x_wconf 86' lang='lat' dir='ltr'><strong>nulla</strong></span> <span class='ocrx_word' id='word_1_78' title='bbox 519 1234 576 1266; x_wconf 91' lang='lat' dir='ltr'><strong>est</strong></span> <span class='ocrx_word' id='word_1_79' title='bbox 605 1229 698 1266; x_wconf 91' lang='lat' dir='ltr'><strong>ritus</strong></span> <span class='ocrx_word' id='word_1_80' title='bbox 726 1229 852 1266; x_wconf 84' lang='lat' dir='ltr'><strong>varios</strong></span> <span class='ocrx_word' id='word_1_81' title='bbox 882 1235 1054 1278; x_wconf 83' lang='lat' dir='ltr'><strong>spectare</strong></span> <span class='ocrx_word' id='word_1_82' title='bbox 1083 1228 1272 1277; x_wconf 89' lang='lat' dir='ltr'><strong>voluptas,</strong></span> 
     </span>
     <span class='ocr_line' id='line_1_15' title="bbox 328 1291 1321 1341; baseline -0.002 -12"><span class='ocrx_word' id='word_1_83' title='bbox 328 1294 455 1341; x_wconf 85' lang='lat' dir='ltr'><strong>Atque</strong></span> <span class='ocrx_word' id='word_1_84' title='bbox 484 1291 686 1329; x_wconf 90' lang='lat' dir='ltr'><strong>hominum</strong></span> <span class='ocrx_word' id='word_1_85' title='bbox 717 1291 839 1328; x_wconf 87' lang='lat' dir='ltr'><strong>cultus</strong></span> <span class='ocrx_word' id='word_1_86' title='bbox 867 1304 989 1341; x_wconf 87' lang='lat' dir='ltr'><strong>usque</strong></span> <span class='ocrx_word' id='word_1_87' title='bbox 1017 1291 1146 1329; x_wconf 87' lang='lat' dir='ltr'><strong>videre</strong></span> <span class='ocrx_word' id='word_1_88' title='bbox 1176 1302 1321 1328; x_wconf 90' lang='lat' dir='ltr'><strong>novos:</strong></span> 
     </span>
    </p>

    <p class='ocr_par' dir='ltr' id='par_1_9' title="bbox 275 1355 1408 1461">
     <span class='ocr_line' id='line_1_16' title="bbox 275 1355 1408 1406; baseline -0.004 -10"><span class='ocrx_word' id='word_1_89' title='bbox 275 1360 442 1397; x_wconf 88' lang='lat' dir='ltr'><strong>Cernere</strong></span> <span class='ocrx_word' id='word_1_90' title='bbox 472 1370 576 1394; x_wconf 88' lang='lat' dir='ltr'><strong>nunc</strong></span> <span class='ocrx_word' id='word_1_91' title='bbox 606 1357 741 1394; x_wconf 87' lang='lat' dir='ltr'><strong>taeniis</strong></span> <span class='ocrx_word' id='word_1_92' title='bbox 770 1357 917 1395; x_wconf 90' lang='lat' dir='ltr'><strong>vinctos</strong></span> <span class='ocrx_word' id='word_1_93' title='bbox 945 1357 1071 1406; x_wconf 83' lang='lat' dir='ltr'><strong>capita</strong></span> <span class='ocrx_word' id='word_1_94' title='bbox 1100 1356 1220 1394; x_wconf 85' lang='lat' dir='ltr'><strong>ardua</strong></span> <span class='ocrx_word' id='word_1_95' title='bbox 1249 1355 1408 1400; x_wconf 86' lang='lat' dir='ltr'><strong>Turcas,</strong></span> 
     </span>
     <span class='ocr_line' id='line_1_17' title="bbox 331 1422 1154 1461; baseline -0.002 0"><span class='ocrx_word' id='word_1_96' title='bbox 331 1424 538 1461; x_wconf 87' lang='lat' dir='ltr'><strong>Miscentes</strong></span> <span class='ocrx_word' id='word_1_97' title='bbox 568 1422 672 1460; x_wconf 85' lang='lat' dir='ltr'><strong>Italis</strong></span> <span class='ocrx_word' id='word_1_98' title='bbox 701 1423 855 1460; x_wconf 86' lang='lat' dir='ltr'><strong>Persica</strong></span> <span class='ocrx_word' id='word_1_99' title='bbox 883 1423 998 1460; x_wconf 85' lang='lat' dir='ltr'><strong>verba</strong></span> <span class='ocrx_word' id='word_1_100' title='bbox 1028 1422 1154 1460; x_wconf 90' lang='lat' dir='ltr'><strong>sonis:</strong></span> 
     </span>
    </p>

    <p class='ocr_par' dir='ltr' id='par_1_10' title="bbox 277 1487 1370 1603">
     <span class='ocr_line' id='line_1_18' title="bbox 277 1487 1370 1539; baseline -0.002 -12"><span class='ocrx_word' id='word_1_101' title='bbox 277 1490 391 1527; x_wconf 92' lang='lat' dir='ltr'><strong>Nunc</strong></span> <span class='ocrx_word' id='word_1_102' title='bbox 421 1501 520 1539; x_wconf 92' lang='lat' dir='ltr'><strong>quos</strong></span> <span class='ocrx_word' id='word_1_103' title='bbox 549 1489 764 1538; x_wconf 88' lang='lat' dir='ltr'><strong>palmarum</strong></span> <span class='ocrx_word' id='word_1_104' title='bbox 794 1488 959 1526; x_wconf 87' lang='lat' dir='ltr'><strong>fecunda</strong></span> <span class='ocrx_word' id='word_1_105' title='bbox 988 1488 1063 1526; x_wconf 90' lang='lat' dir='ltr'><strong>huc</strong></span> <span class='ocrx_word' id='word_1_106' title='bbox 1092 1488 1193 1525; x_wconf 87' lang='lat' dir='ltr'><strong>misit</strong></span> <span class='ocrx_word' id='word_1_107' title='bbox 1222 1487 1370 1532; x_wconf 84' lang='lat' dir='ltr'><strong>Idume,</strong></span> 
     </span>
     <span class='ocr_line' id='line_1_19' title="bbox 331 1553 1206 1603; baseline -0.003 -10"><span class='ocrx_word' id='word_1_108' title='bbox 331 1556 547 1593; x_wconf 81' lang='lat' dir='ltr'><strong>Fraudibus</strong></span> <span class='ocrx_word' id='word_1_109' title='bbox 578 1562 615 1592; x_wconf 91' lang='lat' dir='ltr'><strong>et</strong></span> <span class='ocrx_word' id='word_1_110' title='bbox 643 1555 744 1603; x_wconf 85' lang='lat' dir='ltr'><strong>turpi</strong></span> <span class='ocrx_word' id='word_1_111' title='bbox 773 1554 899 1592; x_wconf 90' lang='lat' dir='ltr'><strong>dedita</strong></span> <span class='ocrx_word' id='word_1_112' title='bbox 927 1554 1045 1591; x_wconf 87' lang='lat' dir='ltr'><strong>corda</strong></span> <span class='ocrx_word' id='word_1_113' title='bbox 1073 1553 1206 1592; x_wconf 92' lang='lat' dir='ltr'><strong>lucro:</strong></span> 
     </span>
    </p>

    <p class='ocr_par' dir='ltr' id='par_1_11' title="bbox 278 1618 1402 1736">
     <span class='ocr_line' id='line_1_20' title="bbox 278 1618 1272 1667; baseline -0.002 -10"><span class='ocrx_word' id='word_1_114' title='bbox 278 1621 395 1659; x_wconf 90' lang='lat' dir='ltr'><strong>Nunc</strong></span> <span class='ocrx_word' id='word_1_115' title='bbox 425 1620 511 1658; x_wconf 71' lang='lat' dir='ltr'><strong>usta</strong></span> <span class='ocrx_word' id='word_1_116' title='bbox 542 1621 702 1657; x_wconf 83' lang='lat' dir='ltr'><strong>Mauros</strong></span> <span class='ocrx_word' id='word_1_117' title='bbox 733 1619 840 1664; x_wconf 89' lang='lat' dir='ltr'><strong>facie,</strong></span> <span class='ocrx_word' id='word_1_118' title='bbox 872 1620 1092 1667; x_wconf 85' lang='lat' dir='ltr'><strong>intortoque</strong></span> <span class='ocrx_word' id='word_1_119' title='bbox 1123 1618 1272 1667; x_wconf 87' lang='lat' dir='ltr'><strong>capillo,</strong></span> 
     </span>
     <span class='ocr_line' id='line_1_21' title="bbox 334 1683 1402 1736; baseline -0.003 -13"><span class='ocrx_word' id='word_1_120' title='bbox 334 1687 488 1736; x_wconf 86' lang='lat' dir='ltr'><strong>Quique</strong></span> <span class='ocrx_word' id='word_1_121' title='bbox 519 1686 656 1724; x_wconf 84' lang='lat' dir='ltr'><strong>bibunt</strong></span> <span class='ocrx_word' id='word_1_122' title='bbox 685 1684 864 1734; x_wconf 79' lang='lat' dir='ltr'><strong>Gangen,</strong></span> <span class='ocrx_word' id='word_1_123' title='bbox 895 1684 1037 1734; x_wconf 88' lang='lat' dir='ltr'><strong>quique</strong></span> <span class='ocrx_word' id='word_1_124' title='bbox 1066 1684 1202 1721; x_wconf 89' lang='lat' dir='ltr'><strong>bibunt</strong></span> <span class='ocrx_word' id='word_1_125' title='bbox 1232 1683 1402 1722; x_wconf 80' lang='lat' dir='ltr'><strong>Tanain.</strong></span> 
     </span>
    </p>

    <p class='ocr_par' dir='ltr' id='par_1_12' title="bbox 280 1750 1221 1802">
     <span class='ocr_line' id='line_1_22' title="bbox 280 1750 1221 1802; baseline -0.005 -12"><span class='ocrx_word' id='word_1_126' title='bbox 280 1754 460 1802; x_wconf 90' lang='lat' dir='ltr'><strong>Denique</strong></span> <span class='ocrx_word' id='word_1_127' title='bbox 490 1751 652 1801; x_wconf 87' lang='lat' dir='ltr'><strong>spectari</strong></span> <span class='ocrx_word' id='word_1_128' title='bbox 682 1763 807 1787; x_wconf 90' lang='lat' dir='ltr'><strong>rerum</strong></span> <span class='ocrx_word' id='word_1_129' title='bbox 837 1750 1004 1787; x_wconf 84' lang='lat' dir='ltr'><strong>audirive</strong></span> <span class='ocrx_word' id='word_1_130' title='bbox 1034 1761 1221 1786; x_wconf 86' lang='lat' dir='ltr'><strong>novarum</strong></span> 
     </span>
    </p>
   </div>
   <div class='ocr_carea' id='block_1_4' title="bbox 336 1814 1538 1868">
    <p class='ocr_par' dir='ltr' id='par_1_13' title="bbox 336 1814 1538 1868">
     <span class='ocr_line' id='line_1_23' title="bbox 336 1814 1538 1868; baseline -0.002 -12"><span class='ocrx_word' id='word_1_131' title='bbox 336 1818 536 1868; x_wconf 86' lang='lat' dir='ltr'><strong>Quidquid</strong></span> <span class='ocrx_word' id='word_1_132' title='bbox 564 1818 603 1854; x_wconf 89' lang='lat' dir='ltr'><strong>in</strong></span> <span class='ocrx_word' id='word_1_133' title='bbox 632 1818 725 1855; x_wconf 90' lang='lat' dir='ltr'><strong>orbe</strong></span> <span class='ocrx_word' id='word_1_134' title='bbox 755 1822 894 1866; x_wconf 90' lang='lat' dir='ltr'><strong>potest,</strong></span> <span class='ocrx_word' id='word_1_135' title='bbox 923 1814 995 1852; x_wconf 70' lang='lat' dir='ltr'><strong>hac</strong></span> <span class='ocrx_word' id='word_1_136' title='bbox 1025 1827 1179 1864; x_wconf 87' lang='lat' dir='ltr'><strong>quoque</strong></span> <span class='ocrx_word' id='word_1_137' title='bbox 1209 1816 1248 1852; x_wconf 89' lang='lat' dir='ltr'><strong>in</strong></span> <span class='ocrx_word' id='word_1_138' title='bbox 1276 1816 1370 1852; x_wconf 90' lang='lat' dir='ltr'><strong>urbe</strong></span> <span class='ocrx_word' id='word_1_139' title='bbox 1399 1822 1538 1865; x_wconf 91' lang='lat' dir='ltr'><strong>potest.</strong></span> 
     </span>
    </p>
   </div>
   <div class='ocr_carea' id='block_1_5' title="bbox 283 1880 1425 2251">
    <p class='ocr_par' dir='ltr' id='par_1_14' title="bbox 283 1880 1425 1999">
     <span class='ocr_line' id='line_1_24' title="bbox 283 1880 1425 1933; baseline -0.004 -12"><span class='ocrx_word' id='word_1_140' title='bbox 283 1884 389 1930; x_wconf 87' lang='lat' dir='ltr'><strong>Quid</strong></span> <span class='ocrx_word' id='word_1_141' title='bbox 418 1884 485 1920; x_wconf 86' lang='lat' dir='ltr'><strong>tibi</strong></span> <span class='ocrx_word' id='word_1_142' title='bbox 511 1884 591 1933; x_wconf 89' lang='lat' dir='ltr'><strong>jam</strong></span> <span class='ocrx_word' id='word_1_143' title='bbox 620 1880 783 1931; x_wconf 72' lang='lat' dir='ltr'><strong>augusta</strong></span> <span class='ocrx_word' id='word_1_144' title='bbox 810 1881 993 1918; x_wconf 89' lang='lat' dir='ltr'><strong>illustrem</strong></span> <span class='ocrx_word' id='word_1_145' title='bbox 1022 1880 1207 1929; x_wconf 83' lang='lat' dir='ltr'><strong>gravitate</strong></span> <span class='ocrx_word' id='word_1_146' title='bbox 1238 1887 1425 1926; x_wconf 86' lang='lat' dir='ltr'><strong>senatum,</strong></span> 
     </span>
     <span class='ocr_line' id='line_1_25' title="bbox 338 1949 1353 1999; baseline -0.003 -12"><span class='ocrx_word' id='word_1_147' title='bbox 338 1951 632 1999; x_wconf 89' lang='lat' dir='ltr'><strong>Purpureosque</strong></span> <span class='ocrx_word' id='word_1_148' title='bbox 662 1961 811 1994; x_wconf 82' lang='lat' dir='ltr'><strong>canam,</strong></span> <span class='ocrx_word' id='word_1_149' title='bbox 841 1953 998 1997; x_wconf 86' lang='lat' dir='ltr'><strong>pectora</strong></span> <span class='ocrx_word' id='word_1_150' title='bbox 1027 1954 1171 1992; x_wconf 86' lang='lat' dir='ltr'><strong>sancta,</strong></span> <span class='ocrx_word' id='word_1_151' title='bbox 1202 1949 1353 1996; x_wconf 88' lang='lat' dir='ltr'><strong>patres?</strong></span> 
     </span>
    </p>

    <p class='ocr_par' dir='ltr' id='par_1_15' title="bbox 286 2012 1273 2119">
     <span class='ocr_line' id='line_1_26' title="bbox 286 2012 1273 2064; baseline -0.006 -10"><span class='ocrx_word' id='word_1_152' title='bbox 286 2016 444 2062; x_wconf 82' lang='lat' dir='ltr'><strong>Salvete,</strong></span> <span class='ocrx_word' id='word_1_153' title='bbox 478 2015 514 2053; x_wconf 88' lang='lat' dir='ltr'>O</span> <span class='ocrx_word' id='word_1_154' title='bbox 543 2015 629 2053; x_wconf 86' lang='lat' dir='ltr'><strong>lecti</strong></span> <span class='ocrx_word' id='word_1_155' title='bbox 659 2026 850 2064; x_wconf 90' lang='lat' dir='ltr'><strong>proceres,</strong></span> <span class='ocrx_word' id='word_1_156' title='bbox 882 2012 1123 2050; x_wconf 86' lang='lat' dir='ltr'><strong>sanctissima</strong></span> <span class='ocrx_word' id='word_1_157' title='bbox 1150 2013 1273 2058; x_wconf 87' lang='lat' dir='ltr'><strong>turba,</strong></span> 
     </span>
     <span class='ocr_line' id='line_1_27' title="bbox 340 2077 1265 2119; baseline -0.005 0"><span class='ocrx_word' id='word_1_158' title='bbox 340 2082 414 2119; x_wconf 84' lang='lat' dir='ltr'><strong>Fas</strong></span> <span class='ocrx_word' id='word_1_159' title='bbox 442 2081 533 2117; x_wconf 81' lang='lat' dir='ltr'><strong>mihi</strong></span> <span class='ocrx_word' id='word_1_160' title='bbox 563 2081 610 2117; x_wconf 89' lang='lat' dir='ltr'><strong>sit</strong></span> <span class='ocrx_word' id='word_1_161' title='bbox 639 2079 808 2117; x_wconf 88' lang='lat' dir='ltr'><strong>numeris</strong></span> <span class='ocrx_word' id='word_1_162' title='bbox 838 2090 907 2115; x_wconf 88' lang='lat' dir='ltr'><strong>vos</strong></span> <span class='ocrx_word' id='word_1_163' title='bbox 936 2077 1128 2115; x_wconf 86' lang='lat' dir='ltr'><strong>celebrare</strong></span> <span class='ocrx_word' id='word_1_164' title='bbox 1157 2077 1265 2114; x_wconf 89' lang='lat' dir='ltr'><strong>meis.</strong></span> 
     </span>
    </p>

    <p class='ocr_par' dir='ltr' id='par_1_16' title="bbox 286 2143 1389 2251">
     <span class='ocr_line' id='line_1_28' title="bbox 286 2143 1389 2196; baseline -0.005 -11"><span class='ocrx_word' id='word_1_165' title='bbox 286 2148 369 2185; x_wconf 87' lang='lat' dir='ltr'><strong>Vos</strong></span> <span class='ocrx_word' id='word_1_166' title='bbox 400 2147 510 2185; x_wconf 85' lang='lat' dir='ltr'><strong>Pater</strong></span> <span class='ocrx_word' id='word_1_167' title='bbox 539 2147 622 2196; x_wconf 90' lang='lat' dir='ltr'><strong>ipse</strong></span> <span class='ocrx_word' id='word_1_168' title='bbox 652 2147 779 2191; x_wconf 90' lang='lat' dir='ltr'><strong>deum,</strong></span> <span class='ocrx_word' id='word_1_169' title='bbox 809 2145 873 2195; x_wconf 88' lang='lat' dir='ltr'><strong>qui</strong></span> <span class='ocrx_word' id='word_1_170' title='bbox 902 2150 1091 2193; x_wconf 89' lang='lat' dir='ltr'><strong>temperat</strong></span> <span class='ocrx_word' id='word_1_171' title='bbox 1121 2143 1254 2181; x_wconf 89' lang='lat' dir='ltr'><strong>omnia</strong></span> <span class='ocrx_word' id='word_1_172' title='bbox 1283 2149 1389 2189; x_wconf 82' lang='lat' dir='ltr'><strong>nutu,</strong></span> 
     </span>
     <span class='ocr_line' id='line_1_29' title="bbox 342 2209 1115 2251; baseline -0.005 0"><span class='ocrx_word' id='word_1_173' title='bbox 342 2213 554 2251; x_wconf 86' lang='lat' dir='ltr'><strong>Consortes</strong></span> <span class='ocrx_word' id='word_1_174' title='bbox 583 2213 703 2251; x_wconf 91' lang='lat' dir='ltr'><strong>voluit</strong></span> <span class='ocrx_word' id='word_1_175' title='bbox 730 2210 900 2249; x_wconf 89' lang='lat' dir='ltr'><strong>muneris</strong></span> <span class='ocrx_word' id='word_1_176' title='bbox 929 2221 1014 2247; x_wconf 89' lang='lat' dir='ltr'><strong>esse</strong></span> <span class='ocrx_word' id='word_1_177' title='bbox 1044 2209 1115 2247; x_wconf 89' lang='lat' dir='ltr'><strong>sui.</strong></span> 
     </span>
    </p>
   </div>
   <div class='ocr_carea' id='block_1_6' title="bbox 613 2301 1220 2345">
    <p class='ocr_par' dir='ltr' id='par_1_17' title="bbox 613 2301 1220 2345">
     <span class='ocr_line' id='line_1_30' title="bbox 613 2301 1220 2345; baseline -0.008 -9"><span class='ocrx_word' id='word_1_178' title='bbox 613 2306 620 2322; x_wconf 89' lang='lat'>¹</span> <span class='ocrx_word' id='word_1_179' title='bbox 647 2305 790 2336; x_wconf 88' lang='lat' dir='ltr'><strong>Primam</strong></span> <span class='ocrx_word' id='word_1_180' title='bbox 815 2303 957 2345; x_wconf 89' lang='lat' dir='ltr'><strong>corripit,</strong></span> <span class='ocrx_word' id='word_1_181' title='bbox 982 2301 1095 2333; x_wconf 83' lang='lat' dir='ltr'><strong>Attico</strong></span> <span class='ocrx_word' id='word_1_182' title='bbox 1119 2311 1220 2332; x_wconf 91' lang='lat' dir='ltr'><strong>more.</strong></span> 
     </span>
    </p>
   </div>
   <div class='ocr_carea' id='block_1_7' title="bbox 1683 2727 1733 2844">
    <p class='ocr_par' dir='ltr' id='par_1_18' title="bbox 1683 2727 1733 2844">
     <span class='ocr_line' id='line_1_31' title="bbox 1683 2727 1733 2844; textangle 90"><span class='ocrx_word' id='word_1_183' title='bbox 1683 2727 1733 2844; x_wconf 56' lang='grc' dir='ltr'><strong>Ιια.γ</strong></span> 
     </span>
    </p>
   </div>
  </div>
 </body>
</html>
