1789 2875
297 315 343 348 14
698 301 937 334 POEMATA
966 300 1133 332 SACRA.

349 409 518 460 Gurgitis
547 414 605 446 est
631 420 783 457 gurges,
811 406 912 444 rauci
942 418 1074 444 comes
1102 403 1279 454 aequoris
1308 416 1474 453 aequor:

400 475 595 514 Fluctibus
624 473 754 510 infelix
783 473 924 510 obruor
952 484 1074 520 usque
1102 470 1221 508 novis.

347 540 462 586 Luce,
493 539 562 576 sed
589 539 628 575 in
656 536 783 575 media
810 537 961 575 bonitas
989 543 1054 573 tua
1081 535 1182 572 fulsit
1210 535 1372 584 abysso:

401 604 540 650 Nocte,
571 604 714 641 Parens
742 603 850 648 vitae,
880 608 920 639 tu
949 601 1042 638 mihi
1071 613 1225 638 carmen
1254 600 1337 637 eris.

349 671 463 708 Tunc
491 682 577 719 ego,
606 681 683 714 cur,
713 669 849 714 dicam,
880 667 1035 716 capiunt
1065 666 1124 703 Te
1153 665 1292 703 oblivia
1319 666 1462 704 nostri?

402 735 547 773 Rerum
578 733 732 783 Opffex,
763 733 912 770 animae
941 737 1074 781 portus
1104 737 1140 769 et
1168 743 1258 768 aura
1286 732 1419 768 meae!

350 801 428 838 Cur
455 812 577 849 prope
607 798 825 837 confectum
856 797 963 843 curis,
992 796 1272 845 lachrymisque
1302 797 1503 847 sepultum,

403 864 469 902 Me
500 864 591 901 sinis
620 863 778 900 immani
807 863 922 900 durus
950 863 999 899 ab
1027 861 1136 899 hoste
1165 862 1313 910 premi?

350 929 427 967 Hic
455 929 549 979 petit
577 928 773 972 insultans,
803 927 868 964 ubi
897 927 949 964 sis
964 927 1108 976 ?—ego
1138 927 1315 964 vulneror
1343 926 1442 972 inde,

402 993 518 1031 Ensis
546 1000 582 1030 et
611 993 649 1029 in
678 1004 826 1029 morem
854 998 1025 1041 permeat
1054 1004 1144 1029 ossa
1173 991 1293 1030 dolor.

350 1060 428 1098 Cur
457 1060 508 1096 ita
535 1057 725 1095 turbaris?
765 1056 843 1094 Cur
870 1064 919 1104 te,
949 1057 1075 1103 Mens,
1107 1058 1238 1107 dejicis
1267 1057 1430 1106 exspes?

405 1123 483 1161 Cur
510 1124 561 1161 ita
589 1135 652 1160 me
680 1129 835 1172 torques
864 1123 1004 1160 anxia?
1038 1123 1113 1160 fide
1142 1123 1239 1161 Deo.

352 1190 502 1226 Scilicet
531 1187 607 1225 Hic
636 1188 788 1237 placido
817 1195 963 1226 recreat
991 1188 1083 1225 mihi
1111 1188 1254 1225 lumine
1282 1193 1428 1236 pectus,

403 1254 452 1291 Et
480 1253 572 1291 mihi
601 1255 777 1291 materies
805 1255 918 1292 unica
944 1254 1066 1291 laudis
1095 1254 1173 1290 erit.

987 1320 1184 1357 Arlhurus
1195 1317 1387 1367 solznslon.

788 1473 917 1505 PSAL.
946 1473 1052 1505 XLV.

300 1557 378 1595 Cor
406 1557 533 1603 micat,
563 1556 734 1594 exultant
762 1558 918 1606 trepidis
948 1557 1171 1607 praecordia
1200 1557 1314 1602 fibris,

296 1622 558 1671 Eructantque
587 1634 730 1659 novum
758 1623 915 1672 gravido
945 1623 992 1660 de
1021 1630 1177 1673 pectore
1206 1633 1385 1660 carmen:

298 1687 426 1726 Certat
455 1688 585 1737 lingua
614 1688 784 1725 animum
815 1688 943 1734 fando,
973 1701 1110 1726 manus
1140 1687 1289 1725 aemula
1316 1687 1487 1735 linguam

297 1753 508 1791 Scribendo
538 1764 761 1802 exaequare,
791 1765 880 1791 meo
909 1765 1009 1790 nova
1039 1753 1206 1790 carmina
1235 1752 1335 1800 Regi

296 1819 400 1856 Dum
438 1818 603 1855 meditor
614 1831 623 1865 3
667 1819 725 1856 cui
765 1831 881 1856 nemo
916 1818 1117 1856 hominum
1148 1829 1320 1867 unquam
1351 1830 1371 1854 e
1406 1816 1550 1854 semine

457 1890 582 1920 cretus

295 1947 446 1985 Audeat
476 1948 636 1985 eximiae
667 1950 901 1986 contendere
931 1961 1089 1985 munere
1119 1947 1288 1985 formae:

297 2014 426 2059 Quem
456 2014 611 2051 decorat
640 2014 757 2063 lepor,
789 2022 825 2052 et
853 2015 972 2052 roseis
1001 2014 1122 2051 affusa
1150 2013 1295 2051 labellis

298 2079 457 2126 Gratia3
497 2080 556 2117 cui
585 2092 711 2116 rerum
740 2081 839 2117 coeli
867 2080 1103 2129 indulgentia
1132 2079 1298 2129 spondet

298 2145 417 2182 Hunc
446 2145 528 2182 fore
557 2152 788 2195 perpetuum
817 2146 1005 2195 longaeva
1034 2145 1073 2182 in
1102 2144 1203 2183 secla
1232 2152 1417 2181 tenorem.

295 2232 412 2282 Ergo,
442 2234 556 2271 armis
584 2233 721 2272 invicte
751 2234 877 2281 heros,
907 2246 990 2283 age,
1022 2233 1180 2272 sortibus
1208 2240 1298 2282 apta

296 2298 441 2336 Ensem
470 2298 659 2337 humeris:
700 2312 847 2345 ensem,
878 2312 944 2350 per
974 2311 1089 2349 quem
1119 2306 1153 2336 te
1182 2298 1303 2348 gloria
1332 2297 1441 2335 coelo

1701 2718 1785 2875 &ess
1749 2677 1757 2686 ”
