1743 2844
605 325 773 357 POEMA
783 325 842 355 TA
880 324 1040 355 VARJA.
1400 328 1448 363 93

246 429 501 468 Proscindens
529 442 694 479 magnae
725 430 912 477 gremium
941 429 1153 478 genetricis,
1185 433 1222 464 et
1250 427 1333 464 altis

249 494 410 544 Pinguia
439 495 666 544 Triptolemi
695 496 942 532 committens
971 505 1131 531 munera
1160 492 1284 530 sulcis.

252 599 335 637 Nos
367 599 514 644 Musae,
545 598 704 649 Joclelle,
735 606 876 642 tenent,
909 600 1135 649 genitorque
1165 597 1326 646 Lyaeus,

252 664 380 710 Quem
410 664 518 713 rigidi
545 664 728 713 ambiguo
758 673 985 703 venerantur
1014 664 1170 701 numine
1200 662 1386 706 Thraces,

252 728 300 765 Et
330 729 534 778 Nymphae
565 729 717 775 celeres,
749 737 785 768 et
815 730 1042 779 capripedes
1073 728 1258 777 Satyrisci.

251 794 334 832 Nos
364 802 400 833 et
429 796 512 833 luce
542 795 642 833 nova
671 797 802 833 lustrat
832 797 923 833 dum
953 796 1087 833 Delius
1117 794 1263 838 orbem,

250 859 299 897 Et
324 861 435 910 jubar
464 861 700 898 auricomum
730 862 900 900 tremulis
930 862 1021 899 dum
1052 860 1227 897 fluctibus
1257 857 1371 902 abdit,

250 925 436 964 Addictos
467 926 599 964 studiis
628 927 738 973 videt,
770 927 1013 976 intentosque
1043 924 1173 963 labori.

255 991 330 1029 Sed
359 999 422 1029 tua
451 999 487 1030 te
517 993 645 1038 virtus,
676 994 792 1030 animi
822 1000 858 1031 te
886 993 1033 1030 vividus
1062 991 1174 1028 ardor

251 1056 443 1107 Aequales
472 1058 588 1106 longe
618 1066 705 1096 ante
736 1059 829 1096 alios
858 1071 978 1095 unum
1007 1057 1164 1105 abripit:
1204 1055 1269 1092 uni

253 1121 457 1172 Purpureis
485 1124 627 1162 dictant
657 1124 793 1162 Musae
822 1124 890 1161 tibi
918 1123 1006 1161 talia
1033 1122 1158 1167 labris,

254 1188 392 1235 Qualia
421 1189 715 1239 pulchricomus,
747 1190 907 1227 choreas
937 1188 1164 1226 ducentibus
1192 1186 1283 1235 ipsis

253 1253 404 1301 Cantat‚
434 1262 470 1293 et
499 1255 547 1292 ad
578 1268 780 1293 numerum
811 1255 921 1293 simul
951 1255 1031 1304 ipse
1060 1259 1234 1291 movetur
1263 1251 1416 1301 Apollo.

254 1347 361 1385 Felix
390 1349 548 1398 ingenii,
578 1349 686 1386 viridi
715 1349 775 1387 cui
805 1348 914 1386 detur
944 1348 992 1385 ab
1021 1359 1116 1384 aevo

255 1412 486 1462 Longaevos
516 1427 680 1464 aequare
710 1427 830 1461 senes,
861 1420 897 1451 et
927 1413 1094 1451 carmine
1123 1411 1187 1449 dio

255 1477 482 1517 Demulcere
512 1481 682 1518 animos:
719 1481 798 1530 jam
827 1487 865 1517 te
894 1480 976 1528 ipse
1004 1477 1180 1515 tumescit
1210 1476 1366 1513 alumno

259 1543 448 1593 Sequana,
475 1545 556 1594 jam
585 1546 721 1584 virides
750 1551 930 1584 resonant
958 1551 1022 1582 tua
1049 1543 1209 1581 nomina
1237 1542 1354 1591 ripae.

256 1637 388 1687 Perge,
419 1638 596 1687 agedum,
627 1651 702 1675 neu
730 1645 767 1676 te
795 1638 962 1675 venienti
991 1636 1190 1674 substrahe
1220 1635 1364 1672 famae:

257 1702 348 1739 Non
378 1709 414 1740 te
444 1704 563 1741 Parca
591 1703 683 1742 feret
711 1711 861 1741 totum:
901 1716 982 1741 non
1011 1709 1112 1740 totus
1142 1701 1277 1746 obibis,

258 1769 426 1820 Parsque
455 1771 507 1808 tui
537 1771 691 1820 effugiet
719 1771 854 1809 ferales
883 1771 1027 1819 optima
1056 1769 1243 1806 flammas.

258 1862 373 1902 Musa
403 1877 493 1904 suos
523 1871 622 1903 vetat
651 1865 845 1915 extingui:
885 1864 949 1902 dat
977 1863 1100 1900 vivere
1129 1861 1245 1899 Musa

259 1928 460 1979 Perpetuo,
492 1938 528 1968 et
557 1931 698 1968 famam
728 1942 940 1969 memorem
970 1942 1036 1979 per
1066 1928 1191 1966 saecla
1220 1935 1432 1977 propagat:

260 1994 380 2033 Coelo
411 1995 525 2034 Musa
554 1998 665 2035 beat:
703 1997 845 2034 famam
874 1995 941 2034 tibi
971 1995 1086 2033 Musa
1115 2007 1325 2044 perennem

261 2060 467 2109 Protrahet,
498 2070 534 2100 et
563 2063 672 2101 coelo
701 2069 736 2101 te
765 2063 869 2110 olim,
899 2061 1057 2112 Jodelle,
1087 2061 1225 2099 beabit.

1239 2124 1352 2164 Idem.
