1743 2844
609 340 777 372 POEMA
786 339 845 370 TA
883 340 1043 371 VARIA.
1402 350 1423 384 9
1435 350 1446 373 1

366 445 440 483 Sed
469 445 611 483 vultum
641 444 791 482 assidue
822 445 1019 490 innovans,

364 511 598 559 Incertisque
628 517 758 547 rotans
787 510 919 546 omnia
949 510 1126 551 flexibus,

362 576 540 613 Alternas
569 576 684 612 variat
713 575 826 613 vices.

364 640 438 678 Seu
466 641 566 677 mitis
596 640 729 686 faveat,
759 642 836 678 sive
865 648 1013 690 premat
1041 653 1187 679 nocens

362 705 490 743 Vento
520 705 696 743 mobilior
724 705 836 743 volat.

361 767 469 804 Illam
499 768 528 804 si
559 767 677 805 nitida
706 768 830 806 fronte
860 768 1048 818 reliquerit

361 833 522 870 Abdens
551 833 731 882 lampada
759 833 903 879 Delius,

361 897 470 935 Idem
501 897 784 936 flammivomos
813 911 932 948 quum
961 899 1167 938 moderans
1196 911 1317 949 equos

362 962 514 1001 Mundo
544 964 703 1001 restituit
732 964 847 1010 diem,

364 1029 442 1066 Sub
471 1029 574 1066 vultu
602 1030 741 1079 poterit
770 1043 924 1068 cernere
953 1031 1096 1077 nubilo,

363 1093 462 1140 Quis
492 1107 673 1143 praesens
702 1102 792 1142 erat,
822 1096 1001 1134 abditam.

363 1158 447 1196 Nec
476 1160 600 1197 solum
629 1161 776 1210 exiguis
805 1163 919 1200 rebus
948 1163 1169 1201 inaestuans

364 1224 531 1263 Privatas
561 1226 677 1275 agitat
707 1227 868 1265 domos:

363 1290 462 1339 Ipsis
491 1291 670 1340 imperiis,
700 1291 793 1329 dum
821 1292 939 1339 libuit,
969 1306 1111 1331 novam

364 1355 514 1394 Inducit
543 1356 680 1394 faciem
710 1356 828 1394 ferox.

365 1421 475 1458 Haec
504 1434 638 1469 regum
667 1423 818 1460 arbitrio
849 1435 922 1461 nos
950 1423 1067 1461 voluit
1098 1425 1192 1473 regi,

364 1485 501 1524 Donec
531 1486 729 1535 Tarquinii
759 1487 861 1525 furor

364 1550 583 1589 Commovit
612 1563 799 1601 proceres,
830 1559 908 1590 tam
936 1554 1100 1603 rigidum
1128 1559 1169 1591 ut
1198 1554 1317 1591 semel

363 1613 519 1652 Cerviee
548 1622 769 1652 excuterent
796 1616 944 1665 jugum.

364 1675 468 1714 Hinc
498 1688 570 1714 nos
600 1689 690 1714 cura
720 1677 886 1724 Panum,
918 1691 1084 1729 curaque
1113 1678 1329 1717 Consulum

364 1738 489 1777 Tutos
519 1752 670 1790 semper
699 1741 747 1778 ab
777 1742 913 1779 exteris

363 1803 450 1854 Jam
480 1818 547 1855 per
576 1805 694 1855 longa
723 1807 812 1844 satis
842 1813 1018 1857 tempora
1046 1810 1250 1857 praestitit;

364 1870 457 1908 Non
487 1883 509 1907 a
539 1871 800 1917 seditionibus,

363 1936 472 1983 Quas
500 1949 599 1986 pene
629 1937 801 1974 assiduas
831 1938 1025 1976 exitialiter

362 2000 530 2039 Fervens
559 2002 708 2051 imperii
739 2003 818 2040 sitis

365 2066 650 2105 Nonnullorum
680 2069 818 2106 animis
847 2069 961 2106 insita
990 2078 1220 2108 commovet.

365 2132 475 2170 Haec
506 2132 691 2170 Gracchis
720 2134 872 2172 animos
902 2134 1027 2172 dedit:

367 2198 478 2236 Haec
509 2198 641 2267 S)'l·las‚
672 2198 895 2248 Mariosque
924 2202 963 2236 in
992 2201 1138 2250 patriae
1165 2200 1266 2239 luem

364 2263 546 2301 Armavit.
606 2264 682 2302 Sed
712 2277 810 2314 opus
840 2264 931 2314 quid
961 2271 1018 2302 est

366 2328 494 2367 Prisca
523 2330 702 2380 exempla
732 2331 895 2369 referre?
935 2331 1046 2370 Haec
1076 2343 1231 2382 quoque
1261 2331 1466 2370 Caesarem
