1789 2875
718 320 889 352 POEMA
898 320 957 351 TA
989 320 1045 350 SA
1054 319 1157 350 CRA.

807 458 937 489 PSAL.
964 457 1062 488 XIX.

580 554 765 592 Immensi
795 553 932 591 chorus
963 552 1124 590 aetheris

528 621 653 659 Orbes
684 618 859 663 stelliferi,
889 618 1015 655 lucida
1043 618 1176 663 sidera,

578 684 731 722 Laudes
761 683 1032 721 concelebrant
1059 683 1145 730 Dei,

525 750 781 798 Auctorisque
812 755 953 786 canunt
983 749 1166 786 artificem
1195 760 1363 786 manum.

579 815 724 852 Dulces
754 814 949 863 excipiunt
978 814 1116 852 modos

526 881 696 918 Noctem
725 880 794 917 rite
824 880 916 925 dies,
947 893 1102 929 noxque
1133 880 1235 917 diem
1263 891 1443 928 premens
1454 891 1465 925 3

578 945 814 994 Alternoque
846 945 1030 983 volubiles

527 1011 730 1048 Concentu
758 1011 902 1047 variant
930 1016 1159 1059 perpetuum
1188 1010 1322 1047 melos.

578 1076 627 1113 Et
656 1088 876 1125 quanquam
904 1074 1049 1112 levibus
1078 1075 1168 1112 rotis

524 1143 723 1180 Labuntur
752 1142 854 1178 taciti
883 1153 950 1190 per
977 1141 1164 1190 liquidum
1193 1141 1342 1178 aethera
1357 1154 1367 1187 3

578 1209 785 1246 Terrarum
812 1213 942 1244 tamen
970 1207 1124 1244 ultimos

526 1276 704 1319 Tractus,
735 1274 809 1310 alta
837 1272 915 1322 poli
945 1273 1111 1316 moenia,
1140 1281 1324 1321 personat

579 1339 736 1377 Aeterni
767 1351 874 1376 sacra
901 1350 976 1375 vox
1007 1338 1122 1383 chori,

526 1405 722 1443 Concordi
751 1415 972 1442 memorans
1002 1403 1156 1452 eloquio
1186 1402 1327 1440 Deum.

580 1470 790 1508 Coelorum
818 1470 857 1506 in
886 1469 1143 1518 penetralibus

526 1536 606 1574 Soli
635 1537 699 1584 qui
729 1536 856 1584 posuit
886 1535 986 1572 celsa
1015 1535 1175 1583 palatia:

583 1601 724 1638 Laetos
752 1601 855 1638 unde
884 1600 1009 1638 ferens
1038 1600 1178 1649 gradus

526 1666 669 1712 Prodit,
701 1679 772 1704 ceu
801 1666 971 1703 thalamo
1003 1665 1176 1714 Sponsus
1205 1665 1254 1702 ab
1283 1677 1421 1708 aure0;

580 1731 721 1768 Fidens
751 1731 888 1768 viribus
917 1736 958 1767 ut
988 1729 1119 1778 Gigas,

527 1798 807 1846 Praescriptum
837 1796 947 1834 stadii
978 1796 1096 1844 carpit
1125 1807 1244 1833 ovans
1275 1796 1354 1833 iter.

579 1862 688 1899 Coeli
716 1862 833 1899 limite
863 1862 911 1898 ab
939 1861 1072 1898 ultimo

526 1928 726 1977 Egressus,
756 1927 906 1964 rediens
935 1926 1092 1964 limitem
1122 1926 1169 1963 ad
1200 1927 1383 1972 ultimum,

581 1992 792 2030 Emensam
820 1992 953 2040 relegit
981 1993 1092 2037 viam,

529 2058 823 2107 Foecundisque
853 2057 955 2095 fovet
985 2065 1121 2095 cuncta
1151 2058 1349 2095 caloribus.

581 2123 674 2159 Non
704 2123 786 2160 Lex
818 2123 958 2161 Sancta
985 2123 1060 2160 Dei
1089 2124 1214 2160 minus

526 2188 774 2237 Languentes
804 2189 950 2226 animas
980 2189 1012 2225 vi
1043 2189 1162 2226 reficit
1191 2187 1320 2226 sacrfi:

582 2253 683 2291 Puro
712 2253 854 2290 lumine
885 2253 965 2290 Lex
996 2253 1068 2291 Dei

529 2318 725 2356 Illustrans
755 2319 900 2364 oculos,
931 2326 966 2356 et
994 2319 1171 2356 tenebras
1201 2318 1360 2368 fugans.
