1789 2875
546 323 707 355 CANTA
717 322 779 354 TE
807 321 1017 353 DOMINO.
1385 326 1405 359 9

421 430 640 467 Informans
669 427 820 465 animos
848 426 972 471 rudes,

368 494 610 543 Coelestique
639 492 790 541 replens
820 491 938 529 corda
966 489 1149 535 scientiz‘i;

421 559 574 597 Mentes
603 558 810 596 laetificans
838 557 942 606 pias3

369 624 612 662 Confirmans
642 624 763 662 stabili
793 628 949 673 pectora
977 619 1132 670 gaudio.

423 690 531 727 Illam
561 689 711 739 Justitia
741 694 777 726 et
806 687 920 725 Fides

367 754 466 792 Fixit
494 763 730 804 perpetuam,
761 760 990 802 aeternaque
1020 751 1179 788 Veritas.

423 821 516 858 Non
546 821 647 858 illam
677 820 896 868 aequiparat
924 817 1048 866 pretio

369 883 529 928 Aurum,
556 884 636 932 jam
666 882 782 920 rutilis
812 881 942 930 purius
971 892 991 917 e
1022 879 1138 925 socis;

423 948 514 986 Non
544 949 755 993 dulcedine,
786 960 884 997 quae
914 958 1046 984 recens

370 1013 519 1051 Stillant
548 1027 681 1064 pressa
711 1014 802 1051 favis
831 1012 944 1050 mella
973 1010 1212 1060 liquentibus.

421 1079 515 1117 Fida
544 1080 668 1117 adstat
696 1080 874 1117 monitrix
904 1078 992 1121 suis,

366 1144 414 1182 Et
443 1157 590 1182 merces
619 1145 754 1182 eadem
784 1155 938 1193 magna,
969 1142 1180 1180 clientibus.

420 1209 518 1255 Quis
547 1210 675 1258 lapsus
705 1217 833 1247 tamen
864 1209 933 1246 ah!
974 1219 1076 1252 suos,

369 1274 467 1321 Quis
497 1281 642 1312 secreta
672 1275 756 1312 sinu
786 1275 945 1311 crimina
973 1271 1181 1322 perspicit?

422 1340 547 1386 Adsis,
578 1339 613 1377 O
644 1339 771 1377 Deus!
812 1338 848 1377 O
878 1339 1012 1375 Pater!

368 1406 429 1443 Da
459 1406 582 1443 caecis
609 1406 770 1451 veniam,
801 1405 850 1442 da
878 1404 1025 1441 miseris
1053 1401 1192 1450 opem!

422 1471 604 1508 Errantes
634 1470 771 1508 cohibe
799 1470 950 1519 gradus,

367 1536 663 1584 Effraenamque
693 1535 808 1572 animi
838 1534 970 1583 frange
1005 1533 1247 1582 superbiam!

423 1601 556 1639 Solum
586 1613 745 1638 munere
775 1601 828 1638 sic
858 1600 948 1638 Tuo

369 1667 465 1704 Mox
495 1668 627 1705 insons
656 1667 820 1712 sceleris,
850 1678 968 1715 purus
998 1677 1064 1702 ero
1093 1664 1205 1701 mali:

424 1732 485 1770 Sic
516 1732 573 1771 O!
615 1734 666 1770 sic
695 1733 871 1782 placeant
901 1732 990 1770 Tibi

371 1798 481 1845 Quae
511 1799 673 1849 supplex
703 1798 876 1843 meditor,
907 1810 1005 1846 quae
1035 1797 1184 1846 loquor,
1215 1795 1250 1834 O
1281 1795 1409 1832 Deus!

1263 1861 1410 1899 Lon-th.

632 2009 763 2040 PSAL.
793 2009 931 2040 XXIII.

208 2126 310 2163 Ecce
340 2125 446 2162 Deus
477 2124 610 2163 Pastor
638 2137 747 2163 meus
776 2132 844 2172 est,
874 2125 1062 2175 numquid
1089 2124 1182 2162 mihi
1211 2125 1356 2163 deerit?

212 2191 278 2228 Ille
308 2189 397 2227 facit
426 2191 533 2227 viridi
564 2191 743 2228 recubem
772 2203 875 2228 nunc
905 2198 1040 2229 stratus
1069 2191 1108 2228 in
1138 2191 1265 2237 herba,

211 2255 325 2294 Nunc
355 2256 404 2293 ad
435 2268 554 2306 aquas
583 2256 685 2293 ducit
713 2256 894 2305 placidas,
925 2263 1160 2306 renovatque
1190 2257 1374 2306 vigorem.

211 2320 397 2359 Providus
427 2321 515 2371 Ipse
545 2322 644 2360 viam
673 2322 816 2360 virtutis
846 2329 1035 2360 monstrat
1065 2329 1248 2372 apertam.
