1789 2875
533 299 767 330 C.-1NT.-1TE
794 300 1006 334 DOMINO.
1348 308 1366 332 2
1375 305 1395 342 5

140 402 332 452 Celsaque
364 403 582 440 frondentes
612 414 766 440 movere
795 405 994 442 cacumina
1023 405 1148 451 colles,

195 468 330 516 Agnus
359 475 398 505 ut
429 469 466 504 in
495 467 610 516 pratis
640 467 826 506 luxuriare
856 469 965 507 solet.

141 532 245 577 Quid
275 545 378 570 mare
408 533 555 570 vidisti?
600 532 711 570 solito
742 545 809 570 eur
838 534 995 571 cesseris
1025 534 1161 572 alveo?

195 597 273 635 Cur
302 597 400 647 sugis
430 598 468 634 in
498 597 622 635 fontes
653 597 818 636 fluminis
846 599 950 636 unda
979 600 1090 636 tuos?

140 663 218 700 Cur
247 664 297 700 ita
326 675 517 700 concusso
548 663 710 700 saluistis
740 665 878 701 vertice
908 671 1071 709 montes,

196 728 246 766 Ut
277 735 378 765 satur
407 728 549 765 exultat
578 729 656 766 dux
685 729 813 778 gregis
843 731 938 767 inter
967 730 1084 767 oves?

140 792 218 830 Cur
247 794 298 831 ita
326 794 518 831 frondenti
548 794 710 831 saluistis
740 795 877 832 vertice
905 795 1034 841 colles,

192 860 329 907 Agnus
358 865 399 896 ut
428 859 466 895 in
496 860 612 908 pratis
643 859 831 896 luxuriare
861 860 983 897 solet?

141 925 293 973 Nempe
323 924 396 961 Dei
425 924 613 973 trepidum
642 925 858 974 praesentia
886 926 1014 963 terruit
1044 925 1189 967 orbem,

194 989 266 1028 Cui
296 990 396 1027 cadit
425 990 469 1026 in*
494 990 673 1038 Solymos
701 990 853 1028 victima
882 991 1000 1028 multa
1030 991 1151 1035 focos,

141 1055 218 1102 Qui
249 1056 417 1105 lapidum
448 1068 563 1093 venas
593 1056 748 1093 laticum
777 1057 916 1094 laxavit
944 1057 982 1092 in
1013 1068 1135 1101 usum,

195 1120 266 1158 Cui
296 1121 403 1159 fluxit
432 1122 539 1171 largo
570 1121 726 1159 ssumine
757 1122 850 1159 dura
879 1122 985 1160 silex.

1175 1185 1289 1223 Idem.

630 1336 710 1367 ΓΕΑ
718 1337 757 1368 L.
786 1336 909 1367 CXVI.

194 1440 376 1479 Summus
406 1453 514 1478 amor
543 1441 702 1479 Domini
732 1443 860 1479 medio
890 1441 946 1478 mi
975 1442 1014 1478 in
1042 1448 1197 1490 pectore
1228 1440 1355 1485 fervet,

247 1506 427 1557 Namque
456 1520 562 1544 meas
592 1507 761 1545 clemens
791 1507 908 1545 audiit
937 1507 998 1543 ille
1029 1519 1175 1556 preeeS‚

190 1571 433 1622 Excepitque
463 1585 568 1610 meas
599 1573 697 1610 facili
726 1574 854 1610 bonus
884 1585 974 1609 aure
1004 1572 1203 1621 querellas.

246 1639 357 1676 Illum
387 1639 508 1689 igitur,
540 1639 650 1677 fuerit
679 1640 772 1677 dum
800 1639 894 1676 mihi
924 1639 1009 1683 vita,
1041 1639 1176 1677 colam.

192 1704 348 1742 Letiferi
376 1705 581 1743 haerebam
612 1706 760 1743 vinctus
790 1705 899 1755 quasi
930 1704 1020 1742 sune
1050 1704 1216 1741 doloris:

247 1769 331 1808 Nee
360 1770 495 1820 procul
524 1783 546 1808 a
575 1771 692 1808 durae
721 1771 851 1807 limine
880 1771 1014 1807 mortis
1045 1782 1162 1808 eram.

194 1834 351 1872 Summe
380 1835 498 1880 Deus,
530 1835 617 1882 dixi,
649 1835 733 1873 solo
764 1835 824 1872 Te
853 1835 1003 1872 vindice
1032 1834 1168 1871 fretum

245 1899 390 1949 Eripiat
419 1901 532 1938 tantis
561 1913 623 1938 me
653 1907 717 1938 tua
746 1900 892 1937 Dextra
921 1900 1042 1937 malis.

191 1965 244 2002 Ut
273 1966 398 2003 bonus
429 1968 507 2003 est!
565 1965 619 2003 Ut
647 1979 763 2015 opem
793 1967 869 2003 cito
900 1966 966 2002 rite
996 1965 1219 2003 vocantibus
1249 1966 1394 2003 adfert!

245 2030 377 2081 Justus
407 2039 458 2077 ut,
489 2038 527 2069 et
555 2032 697 2069 nitidae
728 2031 977 2081 simplicitatis
1007 2034 1163 2069 amans!

192 2099 351 2136 Attritus
382 2109 504 2147 prope
534 2109 649 2143 eram,
681 2109 799 2146 quum
830 2109 892 2134 me
923 2109 1156 2146 consurgere
1183 2098 1305 2147 jussit,

244 2164 402 2215 Depulit
431 2172 468 2202 et
498 2164 611 2213 capiti
641 2171 780 2201 cuncta
809 2164 950 2212 pericla
980 2175 1081 2201 meo.

192 2230 297 2277 Quid
327 2230 505 2279 trepidas,
535 2230 694 2267 anima?
750 2229 813 2267 Ad
843 2229 991 2266 solitam
1022 2237 1057 2267 te
1086 2238 1187 2269 verte
1217 2232 1401 2282 quietern,

246 2297 412 2334 Plurima
442 2296 609 2345 supremi
637 2307 798 2333 munera
829 2295 949 2344 Regis
980 2295 1109 2333 habes.

0 2845 537 2875 Qffssffl*⁴<wr-r-
549 2858 575 2861 „
595 2858 949 2870 ν--κ-ν-»Ἢ
957 2860 1065 2869 *uk
1073 2858 1460 2875 »Ἠφν
1468 2863 1475 2865 ,
1482 2861 1488 2865 .
1496 2862 1506 2866 -
1560 2862 1562 2864 .
