1743 2844
643 344 814 376 POEMA
825 347 883 377 TA
914 347 970 379 SA
978 348 1081 380 CRA.

392 447 473 485 Illic
503 447 606 486 frons
636 450 750 488 radiis
781 452 906 489 cincta
934 453 1165 491 micantibus

392 513 532 551 Solaris
561 515 671 552 nituit
700 516 887 566 lampadis
917 519 955 555 in
984 520 1172 557 modum:

392 580 507 624 Tum,
538 592 614 629 qua
644 588 765 619 tectus
795 591 884 629 erat,
915 585 1089 633 protinus
1118 591 1175 622 est
1204 585 1279 621 nivi

499 645 626 683 Vestis
653 647 802 684 reddita
830 649 1026 687 concolor.

391 734 492 771 Cum
522 733 676 772 Christo
705 736 850 784 gemini
879 737 947 774 visi
976 738 1090 775 etiam
1120 751 1241 783 senes,

392 800 441 837 Et
466 801 571 849 jussa
600 800 650 837 ad
678 801 865 850 populum
895 803 956 839 cui
985 803 1141 841 dederat
1170 805 1289 850 Deus.

392 866 440 902 Et
469 865 534 914 qui
564 865 729 903 sidereas
759 867 860 904 visus
889 877 968 905 erat
998 869 1137 908 domos

503 926 712 981 Quadrigis
741 939 868 981 petere
897 934 1031 983 igneis.

393 1020 426 1056 E
457 1020 569 1057 nubis
598 1020 738 1057 nitidae
769 1022 861 1070 quin
891 1023 1006 1060 etiam
1036 1024 1122 1061 sinu

394 1085 505 1122 Haec
536 1085 637 1122 dicta
665 1087 912 1135 omnipotens
941 1088 1105 1126 intonuit
1134 1089 1268 1128 Pater:

392 1151 464 1197 En,
496 1151 654 1189 dilectus
683 1151 790 1190 adest
819 1152 935 1191 Filius
963 1155 1120 1193 unicus!

502 1217 629 1267 Hujus
655 1218 762 1267 jussa
790 1220 987 1268 capessite.

396 1306 569 1356 Simplex
599 1313 669 1344 etc.

1216 1364 1326 1403 Idem.

579 1497 629 1527 IN
669 1497 752 1528 DIE
789 1498 823 1529 S.
850 1499 1131 1531 MICHAELIS.

396 1580 584 1619 Coelestis
615 1583 788 1620 canimus
817 1583 969 1620 militiae
1000 1584 1150 1629 ducem,

396 1645 475 1691 Qui
503 1647 654 1696 perjura
682 1648 809 1685 bonus
839 1648 997 1697 dissipat
1026 1650 1192 1697 agmina,

396 1711 445 1748 Et
475 1712 624 1761 dejecta
653 1713 748 1750 locis
778 1725 860 1751 non
890 1714 960 1751 sibi
989 1715 1127 1752 debitis

506 1777 625 1815 Sedes
655 1778 769 1816 trudit
798 1779 848 1816 ad
876 1778 1024 1816 inferas.

398 1864 606 1903 Horrendo
635 1866 835 1904 imbiberat
864 1873 1019 1916 pectore
1048 1869 1238 1918 septiceps

396 1930 462 1967 Bis
491 1931 694 1981 quinisque
723 1932 828 1969 ferox
858 1932 983 1969 bellua
1012 1933 1201 1980 cornibus,

400 1996 571 2034 Intactae
600 1998 775 2035 subolem
804 1997 973 2046 Virginis
1003 1998 1156 2035 unicam

509 2061 639 2100 Saevis
668 2064 852 2101 mandere
882 2063 1070 2101 dentibus.

399 2149 555 2186 Aeterni
584 2150 744 2200 imperio
773 2151 839 2189 sed
869 2150 1037 2188 Michael
1065 2150 1185 2189 Patris

400 2214 574 2253 Conatus
605 2216 768 2254 Satanae
798 2217 962 2254 reddidit
990 2217 1137 2254 irritos:

400 2280 449 2317 Et
478 2288 693 2319 monstrum
723 2283 930 2320 innumeris
959 2282 1155 2321 fraudibus
1185 2283 1351 2321 obsitum

508 2345 642 2384 Victor
671 2348 797 2386 stravit
826 2348 930 2385 humi
960 2355 1108 2397 potens.
