<?xml version="1.0" encoding="UTF-8"?>
<!DOCTYPE html PUBLIC "-//W3C//DTD XHTML 1.0 Transitional//EN"
    "http://www.w3.org/TR/xhtml1/DTD/xhtml1-transitional.dtd">
<html xmlns="http://www.w3.org/1999/xhtml" xml:lang="en" lang="en">
 <head>
  <title>
</title>
<meta http-equiv="Content-Type" content="text/html;charset=utf-8" />
  <meta name='ocr-system' content='tesseract 3.04.00' />
  <meta name='ocr-capabilities' content='ocr_page ocr_carea ocr_par ocr_line ocrx_word'/>
</head>
<body>
  <div class='ocr_page' id='page_1' title='image "./arundinessturisi00kennuoft_0038.png"; bbox 0 0 1743 2844; ppageno 0'>
   <div class='ocr_carea' id='block_1_1' title="bbox 647 335 1739 378">
    <p class='ocr_par' dir='ltr' id='par_1_1' title="bbox 647 335 1739 378">
     <span class='ocr_line' id='line_1_1' title="bbox 647 335 1739 378; baseline -0.011 0"><span class='ocrx_word' id='word_1_1' title='bbox 647 345 817 378; x_wconf 81' lang='lat' dir='ltr'><em>POEMA</em></span> <span class='ocrx_word' id='word_1_2' title='bbox 826 344 887 375; x_wconf 85' lang='grc' dir='ltr'>ΤΑ</span> <span class='ocrx_word' id='word_1_3' title='bbox 927 343 986 374; x_wconf 81' lang='lat' dir='ltr'>SA</span> <span class='ocrx_word' id='word_1_4' title='bbox 995 343 1095 374; x_wconf 76' lang='lat' dir='ltr'><em>CRA.</em></span> <span class='ocrx_word' id='word_1_5' title='bbox 1734 335 1739 357; x_wconf 48' lang='lat'><em>2</em></span> 
     </span>
    </p>
   </div>
   <div class='ocr_carea' id='block_1_2' title="bbox 269 357 314 380">
    <p class='ocr_par' dir='ltr' id='par_1_2' title="bbox 269 357 314 380">
     <span class='ocr_line' id='line_1_2' title="bbox 269 357 286 380; textangle 90"><span class='ocrx_word' id='word_1_6' title='bbox 269 357 286 380; x_wconf 68' lang='lat' dir='ltr'>to</span> 
     </span>
     <span class='ocr_line' id='line_1_3' title="bbox 297 357 314 379; textangle 90"><span class='ocrx_word' id='word_1_7' title='bbox 297 357 314 379; x_wconf 79' lang='grc' dir='ltr'>Ν</span> 
     </span>
    </p>
   </div>
   <div class='ocr_carea' id='block_1_3' title="bbox 479 447 1335 682">
    <p class='ocr_par' dir='ltr' id='par_1_3' title="bbox 480 447 1266 495">
     <span class='ocr_line' id='line_1_4' title="bbox 480 447 1266 495; baseline -0.009 -5"><span class='ocrx_word' id='word_1_8' title='bbox 480 453 545 490; x_wconf 91' lang='lat' dir='ltr'>Tu</span> <span class='ocrx_word' id='word_1_9' title='bbox 573 463 706 489; x_wconf 88' lang='lat' dir='ltr'>manes</span> <span class='ocrx_word' id='word_1_10' title='bbox 736 450 851 495; x_wconf 86' lang='lat' dir='ltr'>idem,</span> <span class='ocrx_word' id='word_1_11' title='bbox 882 449 994 486; x_wconf 89' lang='lat' dir='ltr'>Pater</span> <span class='ocrx_word' id='word_1_12' title='bbox 1022 447 1136 494; x_wconf 90' lang='lat' dir='ltr'>orbis,</span> <span class='ocrx_word' id='word_1_13' title='bbox 1165 459 1266 484; x_wconf 93' lang='lat' dir='ltr'>unus</span> 
     </span>
    </p>

    <p class='ocr_par' dir='ltr' id='par_1_4' title="bbox 479 513 1255 563">
     <span class='ocr_line' id='line_1_5' title="bbox 479 513 1255 563; baseline -0.008 -8"><span class='ocrx_word' id='word_1_14' title='bbox 479 517 564 555; x_wconf 88' lang='lat' dir='ltr'>Nec</span> <span class='ocrx_word' id='word_1_15' title='bbox 593 517 696 554; x_wconf 85' lang='lat' dir='ltr'>vices</span> <span class='ocrx_word' id='word_1_16' title='bbox 725 527 851 552; x_wconf 82' lang='lat' dir='ltr'>rerum</span> <span class='ocrx_word' id='word_1_17' title='bbox 880 514 1042 563; x_wconf 86' lang='lat' dir='ltr'>patiens,</span> <span class='ocrx_word' id='word_1_18' title='bbox 1072 525 1144 551; x_wconf 89' lang='lat' dir='ltr'>nec</span> <span class='ocrx_word' id='word_1_19' title='bbox 1174 513 1255 550; x_wconf 90' lang='lat' dir='ltr'>aevi</span> 
     </span>
    </p>

    <p class='ocr_par' dir='ltr' id='par_1_5' title="bbox 482 579 1335 682">
     <span class='ocr_line' id='line_1_6' title="bbox 482 579 1335 628; baseline -0.006 -8"><span class='ocrx_word' id='word_1_20' title='bbox 482 582 670 620; x_wconf 84' lang='lat' dir='ltr'>Termino</span> <span class='ocrx_word' id='word_1_21' title='bbox 700 581 851 617; x_wconf 87' lang='lat' dir='ltr'>clausus</span> <span class='ocrx_word' id='word_1_22' title='bbox 881 579 1003 616; x_wconf 85' lang='lat' dir='ltr'>brevis</span> <span class='ocrx_word' id='word_1_23' title='bbox 1020 592 1030 626; x_wconf 86' lang='lat'>;</span> <span class='ocrx_word' id='word_1_24' title='bbox 1069 591 1168 616; x_wconf 88' lang='lat' dir='ltr'>unus</span> <span class='ocrx_word' id='word_1_25' title='bbox 1198 590 1335 628; x_wconf 81' lang='lat' dir='ltr'>expers</span> 
     </span>
     <span class='ocr_line' id='line_1_7' title="bbox 694 644 1009 682; baseline -0.003 -1"><span class='ocrx_word' id='word_1_26' title='bbox 694 644 798 682; x_wconf 83' lang='lat' dir='ltr'>Finis</span> <span class='ocrx_word' id='word_1_27' title='bbox 827 650 864 681; x_wconf 88' lang='lat' dir='ltr'>et</span> <span class='ocrx_word' id='word_1_28' title='bbox 892 651 1009 681; x_wconf 86' lang='lat' dir='ltr'>ortus.</span> 
     </span>
    </p>
   </div>
   <div class='ocr_carea' id='block_1_4' title="bbox 477 743 1258 978">
    <p class='ocr_par' dir='ltr' id='par_1_6' title="bbox 478 743 1215 793">
     <span class='ocr_line' id='line_1_8' title="bbox 478 743 1215 793; baseline -0.004 -10"><span class='ocrx_word' id='word_1_29' title='bbox 478 747 530 783; x_wconf 83' lang='lat' dir='ltr'>At</span> <span class='ocrx_word' id='word_1_30' title='bbox 557 745 681 782; x_wconf 87' lang='lat' dir='ltr'>brevis</span> <span class='ocrx_word' id='word_1_31' title='bbox 709 744 823 781; x_wconf 88' lang='lat' dir='ltr'>nobis</span> <span class='ocrx_word' id='word_1_32' title='bbox 851 744 1087 793; x_wconf 82' lang='lat' dir='ltr'>miseraeque</span> <span class='ocrx_word' id='word_1_33' title='bbox 1116 743 1215 780; x_wconf 83' lang='lat' dir='ltr'>vitae</span> 
     </span>
    </p>

    <p class='ocr_par' dir='ltr' id='par_1_7' title="bbox 478 810 1132 860">
     <span class='ocr_line' id='line_1_9' title="bbox 478 810 1132 860; baseline -0.003 -12"><span class='ocrx_word' id='word_1_34' title='bbox 478 811 559 849; x_wconf 88' lang='lat' dir='ltr'>Fila</span> <span class='ocrx_word' id='word_1_35' title='bbox 577 810 772 860; x_wconf 81' lang='lat' dir='ltr'>paullatim</span> <span class='ocrx_word' id='word_1_36' title='bbox 800 816 946 855; x_wconf 88' lang='lat' dir='ltr'>tenuas,</span> <span class='ocrx_word' id='word_1_37' title='bbox 977 815 1132 846; x_wconf 84' lang='lat' dir='ltr'>senecta</span> 
     </span>
    </p>

    <p class='ocr_par' dir='ltr' id='par_1_8' title="bbox 477 874 1258 978">
     <span class='ocr_line' id='line_1_10' title="bbox 477 874 1258 924; baseline -0.003 -10"><span class='ocrx_word' id='word_1_38' title='bbox 477 877 616 914; x_wconf 89' lang='lat' dir='ltr'>Donec</span> <span class='ocrx_word' id='word_1_39' title='bbox 644 876 685 912; x_wconf 87' lang='lat' dir='ltr'>in</span> <span class='ocrx_word' id='word_1_40' title='bbox 713 882 863 924; x_wconf 83' lang='lat' dir='ltr'>putrem</span> <span class='ocrx_word' id='word_1_41' title='bbox 893 875 1060 913; x_wconf 88' lang='lat' dir='ltr'>cinerem</span> <span class='ocrx_word' id='word_1_42' title='bbox 1089 874 1258 912; x_wconf 81' lang='lat' dir='ltr'>caducos</span> 
     </span>
     <span class='ocr_line' id='line_1_11' title="bbox 695 940 1007 978; baseline -0.003 0"><span class='ocrx_word' id='word_1_43' title='bbox 695 940 855 978; x_wconf 86' lang='lat' dir='ltr'>Solverit</span> <span class='ocrx_word' id='word_1_44' title='bbox 883 947 1007 978; x_wconf 87' lang='lat' dir='ltr'>artus:</span> 
     </span>
    </p>
   </div>
   <div class='ocr_carea' id='block_1_5' title="bbox 477 1037 1262 1284">
    <p class='ocr_par' dir='ltr' id='par_1_9' title="bbox 478 1037 1262 1089">
     <span class='ocr_line' id='line_1_12' title="bbox 478 1037 1262 1089; baseline -0.005 -12"><span class='ocrx_word' id='word_1_45' title='bbox 478 1040 654 1089; x_wconf 81' lang='lat' dir='ltr'>Tempus</span> <span class='ocrx_word' id='word_1_46' title='bbox 684 1052 875 1077; x_wconf 90' lang='lat' dir='ltr'>annorum</span> <span class='ocrx_word' id='word_1_47' title='bbox 904 1039 994 1076; x_wconf 91' lang='lat' dir='ltr'>Tibi</span> <span class='ocrx_word' id='word_1_48' title='bbox 1023 1038 1136 1084; x_wconf 87' lang='lat' dir='ltr'>mille,</span> <span class='ocrx_word' id='word_1_49' title='bbox 1165 1037 1262 1074; x_wconf 88' lang='lat' dir='ltr'>lucis</span> 
     </span>
    </p>

    <p class='ocr_par' dir='ltr' id='par_1_10' title="bbox 479 1102 1233 1153">
     <span class='ocr_line' id='line_1_13' title="bbox 479 1102 1233 1153; baseline -0.005 -11"><span class='ocrx_word' id='word_1_50' title='bbox 479 1106 604 1142; x_wconf 89' lang='lat' dir='ltr'>Instar</span> <span class='ocrx_word' id='word_1_51' title='bbox 632 1104 846 1151; x_wconf 79' lang='lat' dir='ltr'>hesternae,</span> <span class='ocrx_word' id='word_1_52' title='bbox 876 1104 1059 1153; x_wconf 88' lang='lat' dir='ltr'>fluidique</span> <span class='ocrx_word' id='word_1_53' title='bbox 1088 1102 1233 1152; x_wconf 88' lang='lat' dir='ltr'>puncti,</span> 
     </span>
    </p>

    <p class='ocr_par' dir='ltr' id='par_1_11' title="bbox 477 1168 1243 1284">
     <span class='ocr_line' id='line_1_14' title="bbox 477 1168 1243 1219; baseline -0.005 -11"><span class='ocrx_word' id='word_1_54' title='bbox 477 1171 594 1208; x_wconf 91' lang='lat' dir='ltr'>Nulla</span> <span class='ocrx_word' id='word_1_55' title='bbox 623 1171 807 1208; x_wconf 90' lang='lat' dir='ltr'>decursus</span> <span class='ocrx_word' id='word_1_56' title='bbox 835 1169 953 1219; x_wconf 87' lang='lat' dir='ltr'>quod,</span> <span class='ocrx_word' id='word_1_57' title='bbox 983 1170 1048 1207; x_wconf 88' lang='lat' dir='ltr'>ubi</span> <span class='ocrx_word' id='word_1_58' title='bbox 1075 1168 1243 1213; x_wconf 81' lang='lat' dir='ltr'>recessit,</span> 
     </span>
     <span class='ocr_line' id='line_1_15' title="bbox 694 1234 1028 1284; baseline -0.003 -12"><span class='ocrx_word' id='word_1_59' title='bbox 694 1235 813 1284; x_wconf 84' lang='lat' dir='ltr'>Signa</span> <span class='ocrx_word' id='word_1_60' title='bbox 840 1234 1028 1284; x_wconf 86' lang='lat' dir='ltr'>relinquit.</span> 
     </span>
    </p>
   </div>
   <div class='ocr_carea' id='block_1_6' title="bbox 476 1333 1262 1579">
    <p class='ocr_par' dir='ltr' id='par_1_12' title="bbox 478 1333 1192 1371">
     <span class='ocr_line' id='line_1_16' title="bbox 478 1333 1192 1371; baseline -0.001 0"><span class='ocrx_word' id='word_1_61' title='bbox 478 1333 622 1371; x_wconf 88' lang='lat' dir='ltr'>Nostra</span> <span class='ocrx_word' id='word_1_62' title='bbox 650 1334 821 1371; x_wconf 82' lang='lat' dir='ltr'>vanescit</span> <span class='ocrx_word' id='word_1_63' title='bbox 848 1340 983 1371; x_wconf 88' lang='lat' dir='ltr'>tenues</span> <span class='ocrx_word' id='word_1_64' title='bbox 1012 1334 1052 1370; x_wconf 89' lang='lat' dir='ltr'>in</span> <span class='ocrx_word' id='word_1_65' title='bbox 1081 1345 1192 1370; x_wconf 83' lang='lat' dir='ltr'>auras</span> 
     </span>
    </p>

    <p class='ocr_par' dir='ltr' id='par_1_13' title="bbox 476 1398 1262 1448">
     <span class='ocr_line' id='line_1_17' title="bbox 476 1398 1262 1448; baseline -0.003 -12"><span class='ocrx_word' id='word_1_66' title='bbox 476 1399 577 1445; x_wconf 84' lang='lat' dir='ltr'>Vita,</span> <span class='ocrx_word' id='word_1_67' title='bbox 607 1411 674 1448; x_wconf 88' lang='lat' dir='ltr'>per</span> <span class='ocrx_word' id='word_1_68' title='bbox 703 1400 824 1437; x_wconf 88' lang='lat' dir='ltr'>siccas</span> <span class='ocrx_word' id='word_1_69' title='bbox 854 1399 954 1437; x_wconf 87' lang='lat' dir='ltr'>velut</span> <span class='ocrx_word' id='word_1_70' title='bbox 982 1398 1087 1436; x_wconf 90' lang='lat' dir='ltr'>unda</span> <span class='ocrx_word' id='word_1_71' title='bbox 1115 1409 1262 1443; x_wconf 79' lang='lat' dir='ltr'>arenas7</span> 
     </span>
    </p>

    <p class='ocr_par' dir='ltr' id='par_1_14' title="bbox 477 1463 1260 1579">
     <span class='ocr_line' id='line_1_18' title="bbox 477 1463 1260 1514; baseline -0.003 -13"><span class='ocrx_word' id='word_1_72' title='bbox 477 1466 556 1501; x_wconf 88' lang='lat' dir='ltr'>Aut</span> <span class='ocrx_word' id='word_1_73' title='bbox 583 1464 684 1501; x_wconf 84' lang='lat' dir='ltr'>velut</span> <span class='ocrx_word' id='word_1_74' title='bbox 713 1476 848 1503; x_wconf 85' lang='lat' dir='ltr'>sensus</span> <span class='ocrx_word' id='word_1_75' title='bbox 877 1477 945 1514; x_wconf 87' lang='lat' dir='ltr'>per</span> <span class='ocrx_word' id='word_1_76' title='bbox 973 1477 1096 1514; x_wconf 86' lang='lat' dir='ltr'>opaca</span> <span class='ocrx_word' id='word_1_77' title='bbox 1124 1463 1260 1501; x_wconf 87' lang='lat' dir='ltr'>ludens</span> 
     </span>
     <span class='ocr_line' id='line_1_19' title="bbox 692 1529 999 1579; baseline 0.003 -13"><span class='ocrx_word' id='word_1_78' title='bbox 692 1529 829 1568; x_wconf 88' lang='lat' dir='ltr'>Noctis</span> <span class='ocrx_word' id='word_1_79' title='bbox 858 1531 999 1579; x_wconf 82' lang='lat' dir='ltr'>imago.</span> 
     </span>
    </p>
   </div>
   <div class='ocr_carea' id='block_1_7' title="bbox 476 1627 1317 1872">
    <p class='ocr_par' dir='ltr' id='par_1_15' title="bbox 477 1627 1167 1665">
     <span class='ocr_line' id='line_1_20' title="bbox 477 1627 1167 1665; baseline -0.001 -1"><span class='ocrx_word' id='word_1_80' title='bbox 477 1627 612 1665; x_wconf 82' lang='lat' dir='ltr'>Herba</span> <span class='ocrx_word' id='word_1_81' title='bbox 641 1640 712 1665; x_wconf 92' lang='lat' dir='ltr'>ceu</span> <span class='ocrx_word' id='word_1_82' title='bbox 740 1640 858 1665; x_wconf 85' lang='lat' dir='ltr'>verno</span> <span class='ocrx_word' id='word_1_83' title='bbox 890 1635 1054 1665; x_wconf 84' lang='lat' dir='ltr'>saturata</span> <span class='ocrx_word' id='word_1_84' title='bbox 1082 1638 1167 1664; x_wconf 89' lang='lat' dir='ltr'>rore</span> 
     </span>
    </p>

    <p class='ocr_par' dir='ltr' id='par_1_16' title="bbox 476 1692 1317 1741">
     <span class='ocr_line' id='line_1_21' title="bbox 476 1692 1317 1741; baseline -0.001 -13"><span class='ocrx_word' id='word_1_85' title='bbox 476 1692 607 1738; x_wconf 81' lang='lat' dir='ltr'>Mane⁷</span> <span class='ocrx_word' id='word_1_86' title='bbox 636 1704 729 1729; x_wconf 82' lang='lat' dir='ltr'>mox</span> <span class='ocrx_word' id='word_1_87' title='bbox 758 1693 914 1741; x_wconf 82' lang='lat' dir='ltr'>languet</span> <span class='ocrx_word' id='word_1_88' title='bbox 940 1692 1068 1730; x_wconf 86' lang='lat' dir='ltr'>medio</span> <span class='ocrx_word' id='word_1_89' title='bbox 1098 1692 1168 1728; x_wconf 90' lang='lat' dir='ltr'>sub</span> <span class='ocrx_word' id='word_1_90' title='bbox 1199 1698 1317 1735; x_wconf 58' lang='lat' dir='ltr'>aestuP</span> 
     </span>
    </p>

    <p class='ocr_par' dir='ltr' id='par_1_17' title="bbox 476 1756 1219 1872">
     <span class='ocr_line' id='line_1_22' title="bbox 476 1756 1219 1807; baseline 0 -13"><span class='ocrx_word' id='word_1_91' title='bbox 476 1757 574 1794; x_wconf 84' lang='lat' dir='ltr'>Mox</span> <span class='ocrx_word' id='word_1_92' title='bbox 604 1756 710 1793; x_wconf 85' lang='lat' dir='ltr'>humi</span> <span class='ocrx_word' id='word_1_93' title='bbox 740 1758 886 1795; x_wconf 79' lang='lat' dir='ltr'>comis1</span> <span class='ocrx_word' id='word_1_94' title='bbox 913 1758 1015 1807; x_wconf 82' lang='lat' dir='ltr'>jacet</span> <span class='ocrx_word' id='word_1_95' title='bbox 1045 1757 1219 1795; x_wconf 78' lang='lat' dir='ltr'>arefactis</span> 
     </span>
     <span class='ocr_line' id='line_1_23' title="bbox 690 1822 990 1872; baseline 0.003 -14"><span class='ocrx_word' id='word_1_96' title='bbox 690 1822 863 1872; x_wconf 89' lang='lat' dir='ltr'>Vespere</span> <span class='ocrx_word' id='word_1_97' title='bbox 893 1835 990 1860; x_wconf 88' lang='lat' dir='ltr'>sero.</span> 
     </span>
    </p>
   </div>
   <div class='ocr_carea' id='block_1_8' title="bbox 1659 602 1743 1913">
    <p class='ocr_par' dir='ltr' id='par_1_18' title="bbox 1659 602 1743 1913">
     <span class='ocr_line' id='line_1_24' title="bbox 1659 602 1743 1913; baseline 0 0"><span class='ocrx_word' id='word_1_98' title='bbox 1659 602 1743 1913; x_wconf 95' lang='lat' dir='ltr'> </span> 
     </span>
    </p>
   </div>
   <div class='ocr_carea' id='block_1_9' title="bbox 474 1919 1225 2155">
    <p class='ocr_par' dir='ltr' id='par_1_19' title="bbox 474 1919 1225 1970">
     <span class='ocr_line' id='line_1_25' title="bbox 474 1919 1225 1970; baseline 0.001 -13"><span class='ocrx_word' id='word_1_99' title='bbox 474 1920 627 1957; x_wconf 82' lang='lat' dir='ltr'>Praeter</span> <span class='ocrx_word' id='word_1_100' title='bbox 656 1925 693 1957; x_wconf 86' lang='lat' dir='ltr'>et</span> <span class='ocrx_word' id='word_1_101' title='bbox 721 1919 818 1957; x_wconf 78' lang='lat' dir='ltr'>vitae</span> <span class='ocrx_word' id='word_1_102' title='bbox 847 1920 947 1958; x_wconf 83' lang='lat' dir='ltr'>mala</span> <span class='ocrx_word' id='word_1_103' title='bbox 976 1927 1033 1959; x_wconf 90' lang='lat' dir='ltr'>tot</span> <span class='ocrx_word' id='word_1_104' title='bbox 1067 1920 1225 1970; x_wconf 82' lang='lat' dir='ltr'>fugacis,</span> 
     </span>
    </p>

    <p class='ocr_par' dir='ltr' id='par_1_20' title="bbox 477 1984 1163 2034">
     <span class='ocr_line' id='line_1_26' title="bbox 477 1984 1163 2034; baseline 0.003 -13"><span class='ocrx_word' id='word_1_105' title='bbox 477 1984 587 2031; x_wconf 83' lang='lat' dir='ltr'>Quae</span> <span class='ocrx_word' id='word_1_106' title='bbox 616 1984 831 2034; x_wconf 88' lang='lat' dir='ltr'>voluptates</span> <span class='ocrx_word' id='word_1_107' title='bbox 860 1986 992 2023; x_wconf 85' lang='lat' dir='ltr'>vitiant</span> <span class='ocrx_word' id='word_1_108' title='bbox 1020 1998 1163 2031; x_wconf 85' lang='lat' dir='ltr'>amaro,</span> 
     </span>
    </p>

    <p class='ocr_par' dir='ltr' id='par_1_21' title="bbox 476 2051 1173 2155">
     <span class='ocr_line' id='line_1_27' title="bbox 476 2051 1173 2101; baseline 0.003 -14"><span class='ocrx_word' id='word_1_109' title='bbox 476 2051 538 2087; x_wconf 81' lang='lat' dir='ltr'>Ira</span> <span class='ocrx_word' id='word_1_110' title='bbox 566 2051 725 2088; x_wconf 86' lang='lat' dir='ltr'>turbatis</span> <span class='ocrx_word' id='word_1_111' title='bbox 754 2057 817 2088; x_wconf 87' lang='lat' dir='ltr'>tua</span> <span class='ocrx_word' id='word_1_112' title='bbox 847 2064 998 2101; x_wconf 89' lang='lat' dir='ltr'>semper</span> <span class='ocrx_word' id='word_1_113' title='bbox 1026 2052 1173 2090; x_wconf 86' lang='lat' dir='ltr'>instans</span> 
     </span>
     <span class='ocr_line' id='line_1_28' title="bbox 690 2115 1002 2155; baseline 0.003 -2"><span class='ocrx_word' id='word_1_114' title='bbox 690 2115 853 2154; x_wconf 88' lang='lat' dir='ltr'>Pectora</span> <span class='ocrx_word' id='word_1_115' title='bbox 880 2124 1002 2155; x_wconf 78' lang='lat' dir='ltr'>vexat.</span> 
     </span>
    </p>
   </div>
   <div class='ocr_carea' id='block_1_10' title="bbox 261 2247 1518 2396">
    <p class='ocr_par' dir='ltr' id='par_1_22' title="bbox 261 2247 1518 2396">
     <span class='ocr_line' id='line_1_29' title="bbox 304 2247 1516 2289; baseline -0.003 -9"><span class='ocrx_word' id='word_1_116' title='bbox 304 2251 313 2267; x_wconf 81' lang='lat'>¹</span> <span class='ocrx_word' id='word_1_117' title='bbox 338 2250 429 2280; x_wconf 76' lang='lat' dir='ltr'>Nota</span> <span class='ocrx_word' id='word_1_118' title='bbox 463 2247 652 2279; x_wconf 81' lang='lat' dir='ltr'>trochaeum</span> <span class='ocrx_word' id='word_1_119' title='bbox 678 2247 709 2277; x_wconf 86' lang='lat' dir='ltr'>in</span> <span class='ocrx_word' id='word_1_120' title='bbox 733 2247 873 2278; x_wconf 68' lang='lat' dir='ltr'>secunda</span> <span class='ocrx_word' id='word_1_121' title='bbox 897 2248 972 2279; x_wconf 84' lang='lat' dir='ltr'>sede</span> <span class='ocrx_word' id='word_1_122' title='bbox 995 2252 1030 2279; x_wconf 84' lang='lat' dir='ltr'>ut</span> <span class='ocrx_word' id='word_1_123' title='bbox 1055 2247 1142 2289; x_wconf 81' lang='lat' dir='ltr'>apud</span> <span class='ocrx_word' id='word_1_124' title='bbox 1166 2247 1346 2283; x_wconf 83' lang='lat' dir='ltr'>Catullum,</span> <span class='ocrx_word' id='word_1_125' title='bbox 1362 2258 1388 2278; x_wconf 89' lang='lat' dir='ltr'>c.</span> <span class='ocrx_word' id='word_1_126' title='bbox 1406 2247 1447 2277; x_wconf 84' lang='lat' dir='ltr'>xi.</span> <span class='ocrx_word' id='word_1_127' title='bbox 1468 2256 1516 2287; x_wconf 77' lang='lat'>14,</span> 
     </span>
     <span class='ocr_line' id='line_1_30' title="bbox 261 2298 1518 2341; baseline -0.002 -8"><span class='ocrx_word' id='word_1_128' title='bbox 261 2307 366 2335; x_wconf 79' lang='lat' dir='ltr'>Pauca</span> <span class='ocrx_word' id='word_1_129' title='bbox 384 2300 518 2330; x_wconf 77' lang='lat' dir='ltr'>nuntiate</span> <span class='ocrx_word' id='word_1_130' title='bbox 535 2309 616 2329; x_wconf 82' lang='lat' dir='ltr'>meae</span> <span class='ocrx_word' id='word_1_131' title='bbox 630 2299 759 2338; x_wconf 74' lang='lat' dir='ltr'>puellae,</span> <span class='ocrx_word' id='word_1_132' title='bbox 776 2303 807 2330; x_wconf 90' lang='lat' dir='ltr'>et</span> <span class='ocrx_word' id='word_1_133' title='bbox 824 2299 912 2331; x_wconf 86' lang='lat' dir='ltr'>haud</span> <span class='ocrx_word' id='word_1_134' title='bbox 929 2300 996 2331; x_wconf 80' lang='lat' dir='ltr'>scio</span> <span class='ocrx_word' id='word_1_135' title='bbox 1014 2310 1055 2330; x_wconf 80' lang='lat' dir='ltr'>an</span> <span class='ocrx_word' id='word_1_136' title='bbox 1072 2299 1158 2341; x_wconf 88' lang='lat' dir='ltr'>apud</span> <span class='ocrx_word' id='word_1_137' title='bbox 1177 2299 1354 2330; x_wconf 86' lang='lat' dir='ltr'>Horatium</span> <span class='ocrx_word' id='word_1_138' title='bbox 1372 2298 1408 2331; x_wconf 88' lang='lat' dir='ltr'>C.</span> <span class='ocrx_word' id='word_1_139' title='bbox 1427 2299 1459 2331; x_wconf 91' lang='lat' dir='ltr'>S.</span> <span class='ocrx_word' id='word_1_140' title='bbox 1479 2306 1518 2340; x_wconf 78' lang='lat'>70</span> 
     </span>
     <span class='ocr_line' id='line_1_31' title="bbox 263 2351 835 2396; baseline -0.003 -12"><span class='ocrx_word' id='word_1_141' title='bbox 263 2353 440 2396; x_wconf 77' lang='lat' dir='ltr'>Qn&#39;ndecim</span> <span class='ocrx_word' id='word_1_142' title='bbox 457 2351 561 2381; x_wconf 81' lang='lat' dir='ltr'>Diana</span> <span class='ocrx_word' id='word_1_143' title='bbox 573 2356 672 2390; x_wconf 84' lang='lat' dir='ltr'>preces</span> <span class='ocrx_word' id='word_1_144' title='bbox 689 2352 835 2383; x_wconf 82' lang='lat' dir='ltr'>virorum.</span> 
     </span>
    </p>
   </div>
  </div>
 </body>
</html>
