1743 2844
261 341 309 386 64
622 345 675 377 M.
705 344 928 376 ANTONJI
950 345 997 376 M
997 344 1095 376 URE
1102 346 1157 377 TI

258 449 473 488 Occurrunt
503 449 632 487 animo
661 450 826 488 ridentia
855 451 1001 488 lumina
1030 457 1175 496 nostro,

310 515 487 553 Occurrit
516 515 623 553 fusco
651 516 815 553 blandus
844 517 883 553 in
912 529 979 554 ore
1009 517 1142 565 lepos:

257 579 374 617 Nune
403 581 537 618 molles
567 582 732 618 subeunt
761 582 869 626 risus,
900 594 1002 619 nunc
1031 581 1152 631 gratia
1181 580 1296 627 fandi,

309 644 423 683 Nunc
454 647 616 683 subeunt
645 647 739 692 sciti,
770 647 838 684 sed
867 647 949 683 sine
979 646 1103 692 dente,
1133 647 1242 692 sales,

254 710 472 760 Verbaque,
503 718 745 748 amarescunt
774 711 866 748 mihi
896 723 986 760 prae
1016 713 1157 761 quibus
1187 712 1316 749 omnia
1345 712 1479 749 mella:

308 776 395 814 Ah!
435 789 498 814 me
527 777 585 814 his
615 784 693 814 tam
722 777 883 826 longum
912 789 1027 826 posse
1057 790 1183 815 carere
1211 779 1348 816 bonis?

254 842 448 891 Improba,
480 842 745 892 Persephones
774 842 913 880 educta
942 855 987 879 ex
1021 855 1170 881 carcere
1200 845 1326 893 pestis,

307 908 384 946 Vix
414 914 477 945 tua
506 908 591 957 plus
619 907 695 954 ulli,
727 920 843 957 quam
872 908 977 954 mihi,
1008 908 1083 946 tela
1111 916 1274 947 nocent:

253 974 346 1011 Falx
375 980 439 1010 tua
468 985 547 1010 non
576 985 723 1021 paucos
752 973 827 1010 leto
856 973 1026 1010 multavit
1055 987 1198 1020 amaro,

306 1039 400 1077 Falx
428 1045 493 1076 tua
522 1038 638 1075 corde
667 1050 755 1076 meo
785 1051 847 1076 me
874 1039 982 1088 jubet
1012 1052 1097 1077 esse
1128 1040 1272 1089 procul.

254 1106 332 1143 Illis
362 1105 446 1142 finis
476 1105 584 1141 adest
613 1104 724 1149 vitae,
754 1104 918 1153 finisque
948 1105 1146 1142 dolorum:

305 1172 357 1208 At
386 1183 473 1208 mea
501 1176 708 1219 perpetuus
737 1177 895 1218 pectora
923 1170 1085 1220 languor
1114 1171 1238 1208 habet.

252 1238 337 1274 Ah!
377 1247 626 1284 nunquamne
656 1247 730 1283 ego
760 1241 796 1272 te
826 1234 999 1284 posthac,
1029 1248 1117 1273 mea
1146 1248 1247 1281 cura,
1277 1235 1461 1273 revisam?
1504 1278 1506 1280 ¹

305 1302 568 1350 Nunquamne
598 1312 641 1337 os
670 1300 772 1338 istud
801 1291 1065 1350 suaviloquum
1093 1301 1306 1351 aspiciam?

251 1368 463 1418 Nunquam
492 1366 571 1411 erit,
602 1372 642 1402 ut
671 1366 787 1402 veteri
818 1365 883 1402 Sol
912 1377 985 1403 nos
1016 1366 1063 1403 de
1092 1378 1199 1403 more
1226 1367 1401 1415 jocantes

305 1432 530 1481 Conspiciat
558 1443 731 1480 surgens,
762 1431 1052 1481 conspiciatque
1082 1432 1253 1469 cadens?

251 1499 362 1537 Certe
391 1498 570 1547 equidem
600 1497 759 1534 eveniet.
818 1495 968 1542 Viden’‚
996 1503 1037 1534 ut
1063 1498 1143 1546 jam
1172 1497 1320 1547 fulgure
1348 1496 1457 1533 laevo

302 1563 477 1601 Firmarit
506 1569 659 1600 nostras
688 1562 836 1612 Jupiter
865 1562 946 1610 ipse
977 1563 1140 1611 preces?

250 1630 347 1680 Spes
377 1629 477 1666 fovet
506 1629 545 1665 in
574 1628 703 1665 medio
730 1629 893 1677 jactatos
922 1640 1088 1677 aequore
1117 1634 1262 1673 nautas,

304 1694 401 1743 Spes
431 1694 532 1731 fovet
560 1700 737 1739 armatos,
768 1705 856 1742 spes
885 1692 988 1730 fovet
1017 1693 1215 1742 agricolas,

250 1759 346 1809 Spes
376 1759 478 1797 fovet
507 1760 676 1797 inclusos
706 1759 912 1796 tenebroso
942 1770 1093 1796 carcere
1123 1764 1265 1803 sontes,

301 1825 350 1862 Et
380 1837 452 1863 nos
482 1826 520 1862 in
549 1824 624 1862 vita
654 1837 742 1875 spes
772 1836 928 1874 quoque
958 1824 1039 1861 sola
1067 1830 1196 1860 tenet:

248 1890 358 1928 Haec
388 1890 508 1928 modo
539 1903 588 1927 ne
617 1890 775 1939 quando
805 1890 957 1927 incaute
987 1896 1175 1938 concepta
1204 1895 1366 1938 putetur,

304 1956 391 2002 Fac,
421 1956 485 1993 fiat
515 1956 663 2004 scriptis
692 1956 828 1993 certior
858 1966 980 2003 usque
1009 1955 1096 1992 tuis.

821 2093 923 2123 VIII.

792 2193 961 2223 EIDEM.

246 2277 382 2314 Dicere
413 2276 505 2313 dum
535 2287 656 2313 conor
686 2281 840 2314 nostros
868 2276 946 2322 tibi,
976 2275 1062 2320 vita,
1093 2274 1255 2318 dolores,

300 2341 386 2379 Ah!
426 2341 566 2378 misero
596 2353 643 2378 ex
673 2341 766 2390 ipsis
795 2341 908 2379 verba
936 2341 1049 2378 labris
1079 2340 1241 2378 abeunt:
