1789 2875
576 311 808 344 CANTATE
836 309 1044 342 DOMINO.
1394 320 1436 355 13

398 418 538 457 Densis
566 417 755 454 nudantur
783 426 942 452 nemora
970 415 1139 459 umbris;

399 483 611 531 Subitoque
637 482 767 531 jacent
795 480 970 530 perculsa
998 487 1101 517 metu

396 547 611 585 Hominum
640 545 767 592 corda,
799 551 1089 595 agnoscuntque
1119 545 1257 583 Deum.

395 612 502 650 Deus
532 611 742 649 undantem
771 612 867 660 regit
897 611 1127 658 Oceanum3

395 677 481 715 Rex
510 684 664 715 aeterno
695 676 790 714 sedit
819 677 858 713 in
888 677 1011 714 solio:

392 743 660 792 Populumque
689 741 796 779 Deus
826 742 896 778 sibi
928 741 1107 779 dilectum

340 821 343 824 ·
393 807 560 854 Viribus,
590 808 740 856 opibus,
770 819 866 856 pace
896 807 1033 844 beabit.

1147 871 1293 910 Lowllz.

669 985 796 1017 PSAL.
827 986 940 1018 XLII.

235 1073 378 1112 Cervus
407 1079 458 1119 ut,
489 1073 528 1110 in
557 1072 685 1109 medio
716 1071 825 1109 celsis
856 1071 904 1109 de
933 1074 1128 1110 montibus
1158 1081 1265 1111 aestu

283 1140 414 1185 Actus,
444 1139 483 1175 in
512 1137 682 1186 algentes
712 1136 828 1173 fertur
855 1136 1014 1175 anhelus
1044 1150 1187 1188 aquas;

230 1204 291 1242 Sic
321 1217 407 1242 mea
435 1203 535 1240 vitali
565 1203 690 1240 satiari
719 1202 899 1240 Numinis
927 1202 1031 1241 unda

283 1270 397 1308 Mens
427 1275 520 1315 avet,
551 1275 588 1306 et
615 1268 775 1306 Domini
804 1269 961 1318 languet
989 1281 1120 1306 amore
1150 1271 1229 1306 sui:

230 1335 353 1374 Gestit
383 1342 419 1372 et
449 1341 556 1384 optat
585 1346 731 1379 amans,
762 1334 859 1371 vitae
888 1346 928 1371 se
958 1335 1167 1383 adjungere
1197 1334 1316 1373 fonti:

282 1400 356 1439 His
386 1400 477 1437 mihi
506 1399 646 1437 deliciis
675 1412 772 1448 quae
802 1399 905 1436 dabit
934 1399 1029 1437 hora
1059 1399 1158 1437 frui?

226 1466 331 1504 Dum
361 1466 442 1503 sine
473 1465 546 1502 fine
568 1465 821 1514 petunt—ubi
852 1465 897 1502 sit
917 1465 1024 1502 Deus
1055 1465 1123 1502 iste
1154 1466 1346 1505 timendus
1363 1469 1431 1504 ?—

282 1530 377 1568 Sunt
405 1530 544 1567 misero
573 1529 788 1578 lachrymae
818 1536 932 1567 nocte
963 1530 1100 1579 dieque
1131 1531 1262 1580 dapes.

225 1596 417 1635 Scandere
446 1607 507 1632 me
538 1595 686 1644 quoties
715 1595 870 1632 memini
901 1596 1108 1645 penetralia
1137 1608 1254 1642 sacra,

278 1662 327 1699 Et
354 1662 473 1711 longo
502 1660 668 1711 populos
698 1661 832 1698 ordine
862 1673 966 1710 pone
996 1662 1104 1711 sequi
1121 1674 1130 1708 3

223 1729 350 1765 Aurea
379 1727 473 1765 dum
501 1726 630 1764 recolo
660 1727 797 1764 missas
826 1727 875 1764 ad
904 1727 1029 1764 sidera
1057 1739 1184 1773 voces,

275 1792 326 1830 Et
354 1792 530 1842 plausum
559 1790 663 1829 festis
693 1803 809 1840 quem
837 1792 946 1829 decet
975 1805 1059 1830 esse
1088 1793 1234 1838 choris;

222 1859 268 1895 In
295 1857 507 1906 lachrymas
537 1863 640 1893 totus
670 1857 785 1894 miser
814 1864 849 1894 et
879 1858 1038 1906 suspiria
1068 1858 1206 1904 solvor,

276 1923 379 1960 Inter
407 1930 443 1960 et
471 1934 672 1960 aerumnas
702 1929 758 1960 est
787 1922 880 1959 mihi
910 1923 1018 1960 dulce
1048 1924 1163 1973 queri.

223 1989 301 2027 Cur
329 1989 381 2026 ita
408 1989 597 2026 turbaris?
637 2001 703 2026 cur
731 1994 780 2034 te,
810 1987 938 2033 Mens,
970 1989 1100 2038 dejicis
1130 1991 1299 2039 exspes?

279 2054 356 2093 Cur
384 2055 434 2091 ita
462 2066 524 2090 me
554 2061 710 2103 torques
740 2054 882 2092 anxia?
921 2054 997 2091 fide
1026 2054 1136 2092 Deo:

224 2120 374 2158 Scilicet
402 2119 462 2156 hic
493 2118 644 2168 placido
674 2126 818 2156 recreat
847 2119 939 2156 mihi
969 2120 1112 2158 lumine
1141 2126 1297 2170 pectus;

275 2185 323 2222 Et
352 2184 445 2221 mihi
473 2184 651 2221 materies
679 2185 793 2222 unica
822 2184 944 2223 laudis
973 2187 1052 2223 erit.

223 2250 327 2288 Dum
355 2261 505 2299 queror,
536 2250 574 2286 in
603 2256 784 2296 mentem,
815 2251 965 2300 liquidis
994 2250 1173 2302 Jordanis
1203 2252 1251 2289 ab
1282 2251 1405 2296 undis,

279 2315 541 2366 Sepositisque
567 2316 681 2366 jugis,
711 2316 774 2354 Tu
803 2317 895 2354 mihi
926 2329 1040 2367 saepe
1069 2317 1179 2355 redis.
