1743 2844
599 287 769 319 POEMA
778 287 837 318 TA
874 286 1034 317 VARlA.

192 392 354 442 Aspicis,
383 399 423 430 ut
452 392 525 430 late
555 391 773 430 veneranda
801 396 978 428 coruscat
1007 390 1147 437 imago,

191 457 415 507 Cunctaque
445 458 582 495 diffuso
613 458 753 495 circum
782 457 868 493 loca
896 456 1040 492 lumine
1069 453 1265 502 complet?

190 522 283 561 Non
313 536 358 561 ea
386 524 440 561 vis
470 534 585 560 auro:
625 535 696 559 nec
726 534 793 571 per
822 534 862 558 se
891 521 1032 558 lamina
1061 520 1173 564 lucet,

192 588 275 626 Nec
305 589 423 626 radiat
452 588 548 625 rutili
577 586 703 624 nativa
732 588 815 624 luce
845 586 1012 624 metalli:

190 652 319 703 Majus
348 655 396 691 ab
424 652 609 702 impressa
638 653 706 690 sed
736 653 839 690 ducit
868 652 1036 700 imagine
1065 650 1200 699 fulgur,

189 719 315 768 Atque
344 719 469 768 ipsum
500 717 683 767 Stephani
714 730 819 755 sacer
848 729 981 754 aurum
1010 716 1132 753 vultus
1162 716 1320 751 inaurat.

190 810 463 859 Contemplare
494 822 679 859 acresque
710 810 856 851 oculos,
887 810 1130 858 frontemque
1160 806 1376 852 verendam,

189 876 238 913 Et
266 876 422 925 dignam
450 876 612 925 imperio
642 875 789 921 faciem,
820 875 1054 924 dignamque
1082 873 1307 923 triumphis:

190 940 242 979 Ut
271 953 353 979 sese
383 941 489 978 omni
518 953 566 978 ex
595 948 701 990 parte
731 941 846 979 animi
876 942 931 979 vis
960 941 1083 978 vivida
1103 939 1257 989 profert,

188 1006 433 1057 Degenerem
461 1006 594 1044 luxum
623 1006 836 1056 mollesque
865 1019 983 1044 exosa
1011 1007 1188 1055 paratus!

190 1072 244 1110 Ut
272 1072 390 1121 spirat
418 1084 661 1121 generosum,
691 1072 854 1121 ipsoque
883 1072 1029 1109 videtur
1055 1072 1095 1108 in
1123 1082 1217 1108 auro

189 1138 355 1187 Regales
384 1138 527 1188 agitare
556 1138 635 1175 imo
665 1139 735 1175 sub
764 1144 918 1186 pectore
949 1149 1067 1182 curas,

189 1204 358 1242 Exitium
387 1204 525 1242 Tuscis
554 1203 726 1241 meditari
756 1210 792 1240 et
821 1203 969 1240 vincula
999 1202 1186 1240 Moscho!

190 1298 268 1337 Hic
295 1300 360 1345 vir,
389 1299 449 1336 hic
467 1299 477 1319 ¹
507 1306 564 1336 est
593 1305 706 1336 natus
733 1298 854 1334 virtuti
883 1304 919 1335 et
949 1297 1108 1334 fortibus
1137 1296 1279 1333 aussis:

190 1363 262 1402 Cui
294 1364 434 1402 similes
464 1365 493 1402 si
522 1371 602 1401 tota
630 1364 728 1401 duos
758 1363 917 1412 Europa
946 1363 1103 1406 tulisset,

189 1430 379 1467 Thracius
408 1429 510 1467 haud
537 1429 633 1466 ultra
662 1429 772 1466 nobis
802 1429 973 1466 illuderet
1001 1428 1132 1473 hostis,

192 1494 269 1532 Sed
298 1494 482 1544 profugus
511 1501 593 1531 toto
623 1494 786 1531 latebras
816 1494 886 1532 sibi
915 1500 1113 1542 quaereret
1142 1493 1247 1529 orbe.

189 1588 317 1626 Altera
345 1588 474 1625 lamna
501 1588 589 1625 loco
617 1588 756 1637 pariter
785 1587 876 1624 mihi
905 1594 1013 1636 grata
1042 1586 1226 1631 secundo,

192 1654 350 1703 Subjicit
377 1660 464 1690 ante
493 1653 628 1691 oculos
657 1659 853 1690 auctorem
882 1652 1048 1689 muneris
1078 1652 1215 1701 ipsum,

192 1719 311 1769 Cujus
340 1719 574 1757 conveniens
604 1719 746 1756 meritis
777 1719 974 1768 imponere
1003 1729 1147 1755 nomen

192 1785 269 1832 Qui
298 1785 393 1831 velit,
425 1785 552 1822 invicti
582 1784 703 1833 Regis
732 1785 913 1822 vocitaret
941 1783 1128 1821 Achaten.

193 1879 297 1917 Hinc
326 1886 363 1917 te
392 1880 516 1929 igitur,
546 1885 611 1916 tua
640 1877 696 1915 mi
724 1878 902 1928 proprius
931 1877 1088 1927 quando
1119 1889 1186 1914 ora
1215 1877 1308 1914 tueri

193 1945 284 1983 Non
314 1946 427 1991 licuit,
457 1945 718 1994 cupidumque
746 1944 890 1982 isthaec
920 1944 1079 1980 invisere
1108 1955 1237 1992 regna,

191 2011 388 2049 Pontificis
415 2011 535 2048 tenuit
564 2022 645 2047 non
675 2009 920 2047 detrectanda
948 2009 1133 2054 voluntas,

193 2077 370 2115 Zamosci
399 2089 550 2126 magne,
581 2076 802 2125 adspiciam,
832 2081 869 2112 et
898 2086 1083 2124 persaepe
1111 2073 1245 2112 nitenti

191 2142 238 2180 In
267 2150 303 2180 te
333 2142 498 2180 defixam
527 2141 680 2179 solabor
707 2141 873 2190 imagine
902 2147 1084 2177 mentem.

236 2245 246 2263 ¹
269 2245 361 2276 Nota
383 2244 532 2276 vocalem
557 2247 752 2285 correptam,
771 2246 807 2274 ut
829 2241 917 2284 apud
938 2241 1126 2283 Virgilium,
1151 2241 1235 2272 Aen.
1256 2241 1298 2272 vi.
1317 2247 1390 2283 791,

191 2298 232 2330 iv.
253 2306 289 2327 22
304 2309 311 2333 ;
336 2307 395 2328 nec
410 2297 450 2329 de
467 2297 587 2328 cretico
603 2296 713 2328 nescio
729 2305 794 2337 quo
811 2294 1024 2336 cogitandum
1040 2298 1099 2326 est.

1413 2246 1445 2271 et
