1789 2875
295 346 337 369 12
696 338 868 371 POEMA
878 340 936 371 TA
966 340 1131 372 SACRA.

397 443 562 493 Exigere
590 450 630 482 ut
658 445 752 482 tanti
781 445 956 496 speciosa
984 446 1103 495 Regis
1132 446 1172 483 in
1201 444 1286 483 aula

451 510 526 547 Fas
555 510 647 547 mihi
676 511 723 548 sit
751 511 847 548 vitae
875 517 1051 560 tempora
1078 518 1159 549 tota
1185 524 1323 548 meae:

397 574 452 612 Ut
480 575 698 613 collustrem
727 577 846 614 oculis
875 577 965 613 nulli
993 577 1080 614 loca
1108 583 1200 614 nota
1228 576 1402 626 profano,

449 639 499 677 Et
527 639 686 678 Domini
715 647 884 690 aspectu,
915 642 1133 692 deliciisque
1161 643 1274 679 fruar.

616 705 745 743 Cetera
773 707 907 745 desunt.

1143 772 1328 810 Muretus.

769 897 898 930 PSAL.
926 898 1060 930 XXIX.

288 1002 539 1033 Demonstratur
561 1002 754 1044 Supremum
776 1003 839 1034 Dei
864 1004 1065 1042 Dominium,
1089 1009 1120 1036 et
1142 1004 1300 1035 immensa
1322 1002 1482 1038 Potentia,
1502 1012 1542 1032 ex

374 1054 523 1085 horribili
546 1054 675 1095 fragore
695 1059 727 1085 et
749 1055 942 1086 admiranda
962 1056 993 1087 vi
1010 1056 1174 1093 Tonitrus,
1190 1066 1287 1098 quem
1309 1053 1455 1086 Hebraei
1477 1053 1541 1084 Dei

372 1116 487 1137 vocem
503 1106 688 1147 appellant;
706 1106 773 1147 ejus
788 1106 919 1138 effectus
935 1107 1170 1140 describuntur.
1219 1108 1316 1138 Hanc
1332 1106 1426 1143 oden,
1442 1115 1541 1146 quum

373 1167 414 1188 ne
437 1157 544 1189 soluta
567 1158 697 1199 quidem
721 1158 868 1190 oratione
891 1159 938 1190 ita
961 1159 1051 1191 reddi
1073 1159 1188 1201 possit,
1207 1163 1242 1190 ut
1266 1170 1324 1200 per
1347 1157 1457 1189 omnia
1479 1166 1543 1187 ser-

372 1214 464 1241 vetur
491 1210 642 1247 brevitas,
670 1210 807 1241 totidem
831 1211 977 1242 versibus
1001 1211 1228 1253 Anapaesticis
1250 1216 1414 1251 utcunque
1437 1208 1541 1250 expri-

374 1271 462 1293 mere
485 1265 621 1293 conatus
645 1273 726 1294 sum.

502 1361 656 1411 Regum
685 1362 858 1400 Domino
888 1363 1019 1408 cedite,
1050 1364 1191 1414 Reges,

501 1425 635 1463 Cedite
665 1425 803 1462 summi
833 1425 950 1463 decus
979 1427 1137 1476 imperii.

500 1489 612 1536 Date,
643 1502 741 1540 quos
769 1491 905 1528 meruit
934 1491 1101 1538 Nomen,
1131 1493 1324 1540 honores;

501 1555 638 1605 Adytis
667 1556 796 1594 Deum
825 1556 982 1595 adorate
1012 1559 1177 1596 sacratis.

503 1621 623 1659 Sonat
651 1621 885 1659 horrendum
914 1634 1056 1672 magna
1084 1622 1158 1660 Dei
1186 1626 1282 1661 vox!

499 1687 666 1725 Aethere
695 1688 744 1725 ab
773 1687 850 1725 alto
878 1687 985 1726 Deus
1014 1689 1198 1736 intonuit;

501 1753 683 1803 Aequore
711 1760 819 1791 vasto
849 1755 1127 1803 superintonuit

500 1817 651 1864 Valida‚
681 1825 854 1868 augusta,
885 1819 1025 1858 decora
1052 1820 1126 1858 Dei
1155 1823 1254 1858 vox!

501 1883 593 1922 Ruit
621 1885 765 1934 ingenti
794 1885 944 1923 turbine
973 1886 1120 1933 cedros,

500 1949 592 1987 Ruit
619 1951 789 1988 umbrosi
818 1951 952 1990 cedros
982 1951 1130 1990 Libani.

500 2015 678 2062 Quatitur
707 2016 888 2062 Libanus,
918 2017 1064 2055 subsilit
1093 2016 1293 2064 Hermon;

498 2081 552 2118 Ut
580 2095 678 2132 vaga
704 2083 780 2120 lato
809 2083 948 2121 bucula
976 2094 1128 2132 campo,

501 2146 613 2185 Levis
643 2149 682 2184 in
710 2149 907 2186 montibus
934 2155 976 2186 ut
1005 2148 1113 2186 saltat
1142 2159 1246 2197 oryx.

501 2212 640 2262 Ruptis
668 2214 821 2251 rutilant
849 2214 1016 2251 nubibus
1045 2214 1178 2262 ignes;

497 2276 658 2315 Deserta
686 2285 851 2316 tremunt
867 2292 876 2326 ;
915 2279 1040 2316 tremit
1069 2278 1143 2316 alta
1171 2278 1320 2317 Cades:

499 2341 610 2392 Sylva
638 2344 776 2392 gemit:
815 2350 992 2393 querceta
1019 2344 1195 2382 laborant
1210 2357 1220 2392 ;
