1743 2844
523 340 827 372 EPIGRAMMA
838 341 895 371 TA
927 340 986 371 SE
989 340 1052 371 LE
1057 341 1083 371 C
1090 340 1161 371 TA.
1423 343 1440 381 7

1450 342 1471 379 0·

770 468 916 499 XXXV.

744 563 774 593 T
786 563 801 593 Ι
815 564 840 593 Β
855 563 884 594 U
899 563 943 594 R.

217 642 448 691 Quicunque
478 639 657 678 Herculei
688 643 875 691 spectabit
909 643 1065 681 Tiburis
1098 655 1203 681 arces

214 707 303 754 Qua
332 707 464 756 pater¹
495 706 742 756 Hippolytus,
773 708 868 745 sacri
897 720 985 757 pars
1014 721 1158 757 magna
1187 714 1352 753 senatus,

217 771 317 809 Cura
346 771 485 818 Deum,
515 772 602 809 loca
632 779 816 821 perpetuo
847 773 950 822 prius
980 785 1116 822 aspera
1145 785 1238 811 saxo

219 836 366 883 Molliit,
396 843 433 874 et
461 837 535 874 leni
562 838 672 886 jussit
701 839 899 875 mitescere
930 838 1049 884 cliv0;

217 901 359 938 Omnia
388 902 598 952 deprendet
626 903 741 953 longe
771 905 988 952 superantia
1017 903 1170 949 famam,

218 965 300 1004 Nec
329 973 406 1004 tam
436 968 591 1016 regifico
623 975 843 1007 constructa
873 969 1012 1019 palatia
1041 975 1206 1019 sumptu,

214 1033 398 1082 Auroque
426 1032 553 1070 illusas
583 1034 706 1080 aedes,
737 1034 955 1084 radiataque
984 1041 1095 1080 tecta,

217 1098 344 1144 Quam
376 1110 526 1147 semper
555 1099 691 1137 virides
720 1112 873 1138 mecum
903 1101 1148 1138 admirabitur
1176 1099 1320 1145 hortos,

216 1163 265 1200 Et
293 1164 442 1212 gelidos
472 1163 609 1211 fontes,
640 1172 676 1202 et
706 1178 845 1215 aquam
875 1167 913 1203 in
943 1166 1103 1203 sublime
1131 1165 1336 1210 volantem,

218 1229 344 1278 Seque
373 1230 412 1266 in
440 1229 668 1279 multiplices
697 1239 920 1278 vertentem,
950 1238 990 1269 ut
1020 1232 1168 1276 Protea,
1198 1230 1352 1268 formas.

218 1334 425 1383 Praecipue
454 1341 582 1371 tamen
611 1334 662 1372 illi
690 1336 862 1373 animum
892 1337 1057 1373 novitate
1086 1335 1255 1373 movebit

217 1400 389 1445 Excisus,
419 1412 479 1438 res
510 1401 629 1437 mira!
669 1401 774 1447 silex,
804 1414 996 1452 rupesque
1025 1408 1191 1446 cavatae,

215 1463 263 1500 Et
293 1465 351 1501 via
380 1463 479 1502 facta
507 1477 624 1501 manu
653 1465 759 1514 longi
788 1478 855 1515 per
884 1467 1027 1504 viscera
1055 1466 1198 1503 montis
1214 1480 1224 1512 3

218 1530 307 1576 Qua
337 1543 376 1568 se
405 1531 508 1568 Anio
536 1538 644 1579 pater
672 1532 823 1569 insueto
853 1532 1087 1581 pervolveret
1116 1532 1236 1576 alveo,

218 1596 295 1642 Qui
324 1596 483 1645 longum
512 1609 580 1645 per
609 1597 677 1634 iter
704 1598 912 1635 tenebroso
942 1598 1090 1634 tramite
1119 1597 1250 1645 lapsus

218 1661 317 1703 Exit,
348 1668 384 1699 et
412 1662 611 1699 arboribus
639 1662 788 1712 gelidae
817 1675 897 1700 non
926 1663 1067 1700 invidet
1094 1662 1233 1699 undae.

220 1768 329 1806 Stant
357 1767 502 1804 habiles
531 1773 686 1817 propter
715 1767 932 1818 Nymphae,
962 1768 1215 1818 lymphasque
1245 1766 1384 1817 paratis

218 1835 410 1884 Exceptas
437 1833 542 1870 urnis
570 1833 609 1870 in
637 1845 728 1871 vasa
757 1835 914 1883 capacia
941 1834 1116 1872 fundunt.

220 1900 330 1937 Parte
360 1897 432 1936 alia
462 1899 543 1948 ipse
573 1899 651 1935 suis
680 1899 871 1937 altricibus
901 1899 1026 1937 adstat
1055 1898 1230 1944 Iacchus,

221 1964 464 2012 Maternique
492 1975 643 2000 memor
671 1975 794 2010 casus,
824 1964 1079 2013 flammaeque
1109 1970 1302 2013 paternae,

220 2028 373 2066 Gaudet
401 2029 520 2078 aquis,
551 2029 698 2078 illisque
726 2029 848 2066 libens
877 2041 946 2066 sua
973 2041 1133 2066 munera
1161 2028 1306 2065 miscet.

219 2135 324 2172 Dum
354 2140 502 2183 stupeo,
531 2139 608 2170 tam
635 2133 754 2170 multa
782 2133 915 2171 videns
944 2133 1126 2171 miracula
1153 2144 1298 2170 rerum:

219 2199 321 2236 Ecce
351 2210 473 2236 novus
502 2198 635 2248 procul
663 2198 820 2236 alituum
850 2206 1061 2236 concentus
1091 2198 1139 2236 ad
1168 2209 1278 2235 aures

264 2314 271 2331 ¹
298 2314 484 2347 Cardinalis
510 2313 733 2351 Ferrariensis,
764 2313 812 2344 vir
840 2323 898 2344 suo
923 2318 1072 2355 tempore
1096 2313 1240 2355 insignis,
1269 2318 1299 2345 et
1334 2313 1482 2344 omnium

221 2367 427 2398 honestarum
444 2367 561 2399 artium
578 2372 734 2409 patronus
751 2365 934 2407 singularis.
