1743 2844
522 332 825 364 EPIGRAMMA
836 332 894 362 TA
924 331 1159 363 SELECTA.
1421 329 1469 373 65

212 436 314 474 Dum
346 443 474 486 tegere
503 443 540 474 et
569 437 700 474 clauso
730 435 895 473 meditor
923 437 995 473 sub
1025 436 1144 474 corde
1174 442 1318 481 tenere,

265 502 484 551 Ingeminat
513 503 610 539 vires
639 501 768 539 abdita
796 501 953 538 flamma
983 513 1081 539 suas.

210 567 314 614 Quid
354 568 517 606 faciam?
562 579 609 604 ex
650 578 775 616 aequo
816 577 1003 616 magnum
1045 566 1251 604 discrimen
1296 567 1469 615 utrinque

369 640 437 678 est,

263 698 346 735 Sive
376 697 478 747 loqui
507 709 636 742 coner,
666 696 742 734 sive
773 703 899 734 tacere
929 697 1054 734 velim.

208 761 243 799 O
273 775 370 812 quae
400 763 482 800 sola
510 774 599 800 meo
624 763 705 812 jam
735 763 880 800 dudum
910 763 948 799 in
978 769 1134 812 pectore
1164 774 1313 812 regnas,

260 826 348 864 Una
376 839 485 866 meos
514 839 636 874 casus,
667 827 764 874 diva,
794 828 931 866 referre
962 834 1083 877 potes.

798 1021 860 1053 IX.

202 1138 268 1168 AD
301 1136 514 1177 NOCTEM,
542 1137 744 1178 SYDERA,
770 1137 831 1168 ET
859 1137 1103 1169 AURORAM
1136 1138 1199 1169 DE
1232 1138 1459 1170 Domi-mic

624 1193 1050 1247 PULcnanUbINE.

204 1315 293 1354 Nox
324 1316 429 1354 furva
459 1323 572 1366 atque
603 1316 670 1354 alis
698 1316 890 1354 horrenda
920 1317 1170 1366 nigrantibus,
1201 1325 1237 1355 et
1267 1330 1336 1355 vos

253 1381 347 1419 Fixa
376 1394 485 1420 meae
514 1382 619 1419 vultu
647 1382 799 1430 saepius
828 1389 927 1419 astra
956 1381 1061 1426 deae,

198 1446 338 1484 Audite
367 1447 486 1485 haec:
525 1454 565 1484 tu
595 1447 759 1496 primurn
789 1447 904 1484 Erebi
933 1447 1200 1496 centumplicis
1229 1459 1335 1492 uxor,

252 1511 364 1557 Quae
393 1512 550 1550 veniens
579 1524 658 1550 uno
689 1518 827 1549 cuncta
856 1512 985 1549 colore
1014 1519 1138 1549 notas.

198 1575 289 1613 Non
320 1577 446 1625 pudor
475 1583 541 1621 est,
572 1577 638 1613 ubi
669 1576 892 1614 flammeolo
921 1583 958 1614 te
989 1576 1179 1627 Margaris
1209 1588 1274 1614 ore

250 1642 367 1688 Pellit‚
397 1649 433 1680 et
462 1642 619 1680 invitum
650 1643 752 1691 cogit
781 1642 916 1680 adesse
946 1642 1074 1680 diem?

195 1708 278 1746 Vos
307 1720 463 1758 quoque
492 1708 664 1745 lucentes
694 1708 861 1746 Aethrae
889 1708 1071 1746 radiantis
1100 1708 1221 1751 ocelli,

248 1774 425 1820 Quorum
453 1774 528 1811 alta
557 1774 713 1812 assiduo
742 1774 885 1823 templa
913 1786 1054 1812 canore
1083 1780 1233 1819 sonant,

193 1839 285 1877 Non
314 1840 438 1890 pudor
466 1846 535 1886 est,
565 1839 686 1878 oculis
714 1840 780 1877 ubi
810 1839 1098 1877 scintillantibus
1128 1839 1191 1877 illa

247 1904 395 1942 Cedere
424 1911 481 1943 tot
509 1912 652 1943 vestras
681 1906 879 1954 lampadas
907 1918 985 1943 una
1010 1906 1119 1955 jubet
1134 1920 1143 1952 ;

197 1969 247 2006 Et
276 1978 314 2006 tu
345 1969 531 2008 Dardanii
560 1971 704 2020 conjux
734 1971 906 2009 formosa
932 1971 1069 2016 mariti,

246 2035 426 2084 Tangere
456 2036 514 2073 sol
543 2037 651 2086 cujus
680 2036 732 2073 nil
760 2037 831 2073 nisi
860 2043 966 2086 terga
994 2044 1133 2085 potest,

192 2100 393 2149 Numquid
420 2101 486 2137 ubi
516 2101 676 2150 aspexti,
707 2113 823 2151 quam
851 2107 888 2138 te
919 2102 1053 2150 procul
1082 2102 1144 2139 illa
1173 2100 1371 2149 relinquat,

245 2162 406 2200 Nativus
435 2175 549 2201 roseo
579 2164 714 2201 crescit
742 2164 782 2200 in
810 2175 877 2201 ore
907 2165 1050 2202 rubor?

190 2228 294 2274 Non,
325 2236 442 2278 puto;
481 2229 574 2278 quin
603 2229 653 2266 illi
681 2229 780 2266 ultro
809 2241 946 2267 omnes
976 2229 1198 2275 conceditis,
1229 2229 1268 2265 in
1298 2226 1374 2277 qua

248 2294 407 2332 Miratur
435 2294 532 2332 vires
560 2293 708 2345 Jupiter
736 2295 818 2344 ipse
848 2307 949 2333 suas.

806 2412 828 2437 F
