1743 2844
513 327 815 358 EPIGRAAJJIMA
826 328 884 358 TA
914 328 1147 361 SELECTA.
1408 336 1452 374 71

768 502 898 533 XXIV.

641 611 798 643 MARIO
835 612 1028 644 CRUCIO.

213 704 352 742 Forma
381 711 502 743 aetate
532 706 651 754 perit:
690 707 787 743 vires
817 713 939 744 aetate
971 707 1167 745 fatiscunt:

267 770 430 808 Casibus
458 771 665 808 innumeris
695 772 903 821 eripiuntur
931 784 1050 821 opes:

214 835 312 879 Una,
343 835 452 881 Mari,
481 843 538 874 est
567 837 694 882 virtus,
724 849 840 886 quam
870 850 949 874 non
980 838 1034 875 vis
1065 841 1249 889 temporis
1279 843 1408 887 aufert,

268 900 359 938 Non
389 902 524 950 premit
553 902 712 951 indigno
742 914 825 939 sors
854 902 1008 940 inimica
1035 904 1145 952 pede.

214 966 303 1003 Una
332 978 422 1004 suos
452 968 590 1005 invicta
619 967 850 1016 perennibus
878 968 1007 1005 inserit
1035 970 1156 1016 astris,

270 1032 461 1070 Fortunae
490 1033 650 1082 imperio
679 1033 812 1070 liberat
840 1045 916 1070 una
945 1045 1047 1071 suos.

219 1097 334 1136 Hanc
364 1111 536 1148 sequere.
593 1099 724 1136 Insani
754 1106 811 1136 est
840 1107 1074 1149 postponere
1105 1101 1213 1140 firma
1244 1105 1409 1151 caducis,

272 1164 450 1213 Veraque
480 1176 577 1214 quae
606 1165 712 1203 bona
741 1171 839 1211 sunt,
870 1177 1061 1214 spernere,
1091 1166 1185 1205 falsa
1216 1171 1334 1219 sequi.

796 1343 906 1375 XXV.

476 1454 539 1484 DE
574 1453 861 1484 VOLUPTATE
898 1454 959 1484 ET
996 1455 1222 1489 RATIONE.

223 1552 356 1599 Quum
385 1549 484 1588 velut
512 1547 664 1587 excelsa
692 1549 863 1587 residens
892 1550 930 1586 in
960 1562 1101 1600 puppe,
1131 1553 1306 1603 voluptas

277 1616 443 1653 Arbitrio
472 1623 642 1652 mentem
671 1614 775 1663 pellit
803 1615 958 1663 agitque
988 1627 1072 1662 suo,

224 1680 393 1718 Horrida
421 1680 653 1717 bacchantes
682 1679 816 1716 ineunt
844 1681 1054 1718 certamina
1082 1685 1195 1728 venti,

281 1745 507 1795 Navemque
537 1745 576 1782 in
607 1744 734 1794 Syrtes
763 1751 800 1782 et
829 1746 926 1782 vada
955 1758 1070 1785 caeca
1099 1749 1276 1788 trahunt:

226 1811 334 1848 Illinc
362 1811 545 1857 Ambitio,
575 1809 699 1848 Dolus
728 1810 817 1848 hinc
847 1813 1053 1861 consurgit,
1084 1822 1122 1851 et
1151 1822 1260 1853 atrox

282 1876 343 1914 Ira
371 1883 586 1914 cruentatas
617 1876 804 1925 sanguine
834 1876 952 1915 tincta
977 1890 1125 1916 manus.

227 1943 278 1979 At
308 1941 421 1979 Ratio
451 1941 622 1990 regimen
653 1942 758 1979 navis
787 1942 818 1979 si
848 1944 1064 1991 sumpserit,
1092 1947 1206 1982 ecce!

284 2006 520 2056 Compositis
549 2006 661 2043 undis
690 2019 858 2056 aequora
886 2014 966 2045 tuta
995 2009 1132 2046 silent:

232 2071 322 2121 Ipsa
351 2072 439 2109 ratis
469 2072 574 2109 nullo
602 2078 804 2109 ventorum
834 2073 1009 2110 exterrita
1040 2073 1129 2111 flatu

288 2136 332 2173 In
363 2145 514 2187 portum
544 2144 647 2176 certo
676 2139 825 2176 tramite
854 2138 971 2176 flectit
1000 2139 1080 2177 iter.
