1743 2844
666 337 836 368 POEMA
846 337 906 368 TA
936 338 992 368 SA
1001 337 1090 369 CRA
1096 362 1102 370 .

579 429 724 467 Ditabit
753 430 912 468 Domini
940 444 1078 470 manus

579 494 725 544 Larga:
765 503 802 533 et
832 498 1046 546 conspicies
1075 498 1188 535 bonis

581 559 800 598 Florentem
832 562 1041 611 Solymam,
1071 563 1137 600 tibi

687 625 824 664 Donec
853 628 927 664 vita
955 629 1135 665 manebit.

581 712 702 749 Prolis
732 713 920 762 adspicies
950 720 1037 751 tuae

579 776 719 826 Longzi
748 779 864 828 stirpe
894 779 1174 827 propaginem:

578 842 691 880 Festa
721 856 875 892 semper
905 850 941 881 et
971 844 1071 882 Isaci

685 907 826 946 Laetos
856 921 951 958 pace
981 915 1155 959 nepotes.

1142 974 1253 1012 Idem.

699 1122 827 1154 PSAL.
858 1123 1059 1155 CXXXIII.

468 1216 504 1254 O
534 1216 643 1255 dulce
670 1219 985 1269 jucundumque!
1044 1220 1260 1258 Tribulium

468 1281 592 1320 Coetu
624 1284 662 1320 in
692 1284 878 1334 frequenti
907 1293 1038 1323 mutua
1068 1287 1225 1324 caritas!

524 1347 560 1385 O
590 1349 707 1387 corda
737 1351 801 1399 qui
831 1351 995 1388 fraterna
1024 1352 1130 1389 nodo

574 1414 709 1464 Jungit
738 1428 846 1453 amor
874 1423 1066 1455 metuente
1095 1418 1212 1455 solvi!

468 1501 560 1539 Non
591 1515 682 1540 aura
711 1505 819 1541 nardi
849 1505 1000 1542 suavior
1028 1513 1194 1554 occupat

469 1566 624 1614 Sensus,
654 1580 752 1616 quae
782 1569 923 1606 Aronis
953 1571 1090 1608 vertice
1119 1571 1166 1608 de
1195 1583 1304 1608 sacro

521 1632 594 1669 Per
622 1645 701 1679 ora,
732 1646 798 1682 per
826 1635 995 1681 barbam,
1026 1648 1094 1685 per
1122 1637 1226 1685 ipsas

572 1698 696 1736 Lenta
724 1699 857 1746 fluens,
886 1701 913 1738 it
942 1701 1065 1738 odora
1092 1708 1237 1740 vestes:

468 1785 558 1822 Non
589 1799 672 1824 rore
702 1787 809 1837 largo
839 1788 971 1826 laetior
1000 1789 1127 1838 irrigat

466 1851 671 1889 Hermona
700 1852 899 1891 florentem
929 1854 1117 1892 aetherius
1146 1855 1291 1905 liquor;

521 1916 761 1967 Sanctaeque
791 1919 997 1957 faecundat
1030 1920 1155 1958 Sionis

572 1982 765 2021 Uberibus
791 1985 885 2034 juga
914 1985 1014 2023 celsa
1043 1987 1170 2035 guttis,

466 2070 651 2109 Praesens
680 2073 850 2122 benigno
880 2074 1038 2112 numine
1069 2087 1164 2124 quas
1194 2075 1294 2113 fovet

463 2136 611 2186 Jehova
640 2138 779 2185 sedcs;
818 2139 917 2176 alma
945 2141 1009 2177 ubi
1039 2140 1226 2179 Faustitas

573 2203 764 2249 Testatur,
795 2212 1066 2255 aeternumque
1095 2207 1226 2255 magni

626 2268 699 2306 Dia
731 2269 839 2308 Salus
868 2270 1027 2308 Domini
1057 2271 1234 2309 favorem.

1159 2336 1301 2375 Lozcvtlz.
