1743 2844
223 328 270 374 76
589 332 641 364 M.
671 333 893 364 ANTONJI
915 332 1120 364 MURETI

224 436 369 484 Fertur,
400 444 436 475 et
464 435 616 475 insolita
646 444 815 475 mentem
846 437 1046 475 dulcedine
1074 436 1205 485 tangit.

225 503 395 551 Aspicio‚
426 510 463 541 et
491 515 666 552 gressum
695 503 853 552 propius
883 503 986 548 fer0;
1027 514 1192 550 corpora
1220 512 1334 538 cerno

226 567 347 605 Parva
376 581 422 606 ex
451 582 538 606 aere
567 570 703 615 avium,
734 570 869 606 aeratis
900 568 1058 605 nitentia
1086 567 1212 612 ramis,

224 632 397 671 Daedala
426 634 512 683 quis
541 635 683 672 variam
712 635 839 671 tribuit
868 634 1032 671 sollertia
1060 645 1206 670 vocem.

225 697 508 748 Quamcunque
538 699 737 748 adspicias,
768 699 922 735 delusus
950 699 1128 747 imagine,
1157 709 1286 735 veram

225 763 321 801 Esse
353 771 463 813 putes
492 765 695 810 volucrem,
725 764 797 801 nisi
827 764 932 813 quod
963 776 1042 800 non
1071 764 1194 800 evolat
1223 773 1398 811 usquam,

228 829 304 866 Sed
332 830 445 866 ramis
475 829 586 866 affixa
616 830 691 866 suis
722 835 837 866 cantu
866 829 1019 867 aethera
1048 829 1199 866 mulcet.

226 895 277 931 At
306 907 415 931 verae
444 895 628 932 mirantur
657 906 756 940 aves,
787 901 823 932 et
852 895 986 932 cedere
1017 895 1109 932 dum
1138 907 1178 932 se

227 960 359 1010 Turpe
389 966 532 1009 putant,
564 960 714 1009 liquidis
744 961 816 997 late
847 961 977 997 omnia
1007 961 1202 1009 questibus
1232 959 1401 1009 implent.

226 1025 303 1063 Hic
334 1025 462 1062 Lucae
492 1026 667 1074 egregius
695 1025 801 1063 labor
829 1033 897 1071 est,
927 1038 1042 1074 quem
1073 1026 1252 1074 Sequana
1280 1032 1391 1074 partu

227 1091 419 1137 Ediderat‚
452 1090 566 1128 Siculi
595 1098 842 1128 renovantem
870 1092 1022 1129 inventa
1051 1091 1231 1140 magistri.

226 1213 359 1259 Quid?
399 1225 514 1262 quem
543 1225 622 1250 non
650 1221 804 1251 moveat
833 1226 1001 1263 cygnum
1030 1215 1211 1252 mentitus
1240 1212 1394 1258 adulter,

227 1279 395 1316 Illudens
425 1279 535 1316 simili
565 1279 772 1328 spirantem
802 1292 822 1316 e
851 1292 1040 1317 marmore
1071 1279 1229 1326 Ledam,

228 1344 460 1392 Deliciisque
490 1343 578 1390 suis,
609 1350 646 1381 et
675 1357 859 1393 aquarum
889 1358 1081 1382 murmure
1110 1345 1259 1382 laetus?

230 1409 430 1458 Multaque
460 1415 654 1458 praeterea
682 1418 852 1447 veterum
882 1411 1082 1448 simulacra
1112 1411 1283 1456 deorum,

229 1475 331 1512 Artis
361 1487 459 1523 opus
488 1475 646 1524 priscae.
705 1475 877 1514 Cunctos
905 1489 1035 1514 verum
1065 1476 1204 1513 arduus
1231 1477 1326 1513 inter

228 1539 382 1576 Eminet
412 1540 591 1586 Alcides3
631 1541 694 1589 qui
725 1548 903 1590 spectans
930 1542 1060 1579 onmia
1090 1541 1244 1586 circum,

229 1603 489 1653 Hesperidum
519 1612 663 1643 veteres
692 1605 824 1644 hortos
855 1619 945 1656 prae
975 1607 1119 1643 Tibure
1149 1606 1293 1643 temnit.

232 1724 308 1762 Sed
337 1725 429 1774 quid
459 1737 532 1775 ego
563 1726 658 1763 haec
687 1738 797 1763 versu
825 1726 1086 1776 nequidquam
1116 1726 1308 1764 includere
1337 1726 1473 1763 tento?

229 1789 317 1839 Jam
346 1791 494 1839 pridem
524 1792 705 1840 exiguum
736 1793 957 1842 praescripti
988 1792 1163 1829 carminis
1193 1792 1327 1829 orbem

230 1855 413 1903 Excessi3
444 1864 481 1894 et
510 1858 618 1895 dictis
648 1870 799 1907 semper
828 1859 976 1908 majora
1005 1865 1219 1907 supersunt.

781 2063 945 2094 XXXVI.

267 2177 487 2209 BACCIIUS
523 2178 669 2210 FONTI
707 2180 980 2211 IMPOSITUS.
1051 2180 1152 2211 IPSE
1188 2180 1459 2221 LOQUITUR.

233 2277 420 2315 Nondum
450 2283 560 2314 natus
590 2289 705 2323 eram,
737 2290 856 2327 quum
886 2291 947 2316 me
976 2291 1098 2328 prope
1127 2280 1289 2329 perdidit
1319 2281 1429 2330 ignis,

289 2340 347 2377 Ex
378 2340 440 2377 illo
471 2339 595 2377 fontes
626 2346 799 2390 tempore
829 2340 1004 2379 Bacchus
1035 2354 1133 2380 amo.
