1743 2844
530 339 691 371 CANTA
701 339 763 370 TE
791 337 1000 369 DOMINO.
1345 347 1390 381 29

579 478 708 509 PSAL.
737 476 951 509 CXXXVII.

191 559 294 597 Dum
323 563 455 610 procul
484 574 506 599 a
534 561 655 611 patria
683 563 819 600 moesti
851 562 1059 611 Babylonis
1089 562 1127 598 in
1157 563 1242 606 oris,

245 626 430 664 Fluminis
457 627 506 664 ad
536 627 697 676 liquidas
727 627 823 664 sorte
854 628 1034 664 sedemus
1063 639 1209 676 aquas;

188 690 257 727 Illa
285 692 455 729 animum
485 693 598 731 subiit
627 693 774 742 species
804 692 1021 730 miseranda
1050 691 1187 738 Sionis,

242 756 289 794 Et
318 770 515 808 nunquam
545 760 652 808 patrii
684 766 781 797 tecta
809 759 973 797 videnda
1003 759 1083 797 soli.

191 821 389 868 Flevimus,
420 831 456 861 et
485 826 648 873 gemitus
678 825 861 862 luctantia
890 826 1005 862 verba
1034 825 1238 873 repressit;

244 888 365 938 Inque
395 890 499 927 sinus
527 890 692 939 liquidae
723 891 862 927 decidit
891 890 1013 927 imber
1042 902 1176 939 aquae.

191 952 301 991 Muta
330 967 443 1004 super
471 955 606 993 virides
636 956 858 1005 pendebant
887 955 1014 993 naulia
1043 968 1183 1001 ramos,

244 1018 295 1057 Et
325 1020 458 1058 salices
488 1021 620 1059 tacitas
650 1022 861 1059 sustinuere
891 1021 998 1070 lyras.

190 1086 292 1123 Ecce
322 1086 426 1124 ferox
456 1087 647 1134 dominus,
679 1088 856 1138 Solymae
885 1087 1091 1136 populator
1120 1088 1285 1136 opimae,

244 1152 373 1202 Exigit
402 1154 440 1190 in
469 1155 605 1192 mediis
635 1158 805 1192 carmina
834 1153 932 1191 laeta
961 1153 1099 1190 malis:

192 1217 269 1264 Qui
298 1220 458 1268 patriam
487 1221 620 1259 exsilio
651 1221 764 1258 nobis
792 1219 950 1257 mutavit
981 1220 1133 1264 acerbo,

246 1284 330 1323 Nos
356 1286 463 1335 jubet
491 1287 539 1324 ad
568 1287 713 1336 patrios
742 1287 857 1323 verba
886 1285 1024 1322 referre
1054 1285 1206 1331 modos,

192 1350 316 1398 Quale
346 1354 592 1400 canebamus,
622 1360 773 1391 steterat
803 1353 895 1390 dum
926 1352 1026 1389 celsa
1056 1351 1184 1390 Sionis

246 1416 380 1466 Regia,
412 1419 580 1456 finitimis
609 1420 796 1457 invidiosa
824 1419 931 1455 locis.

194 1475 343 1521 Siccine
372 1483 519 1522 divinos
549 1485 724 1534 Babylon
753 1484 904 1521 irrideat
934 1482 1128 1532 hymnos?

246 1549 388 1587 Audiat
417 1557 452 1587 et
483 1558 637 1588 sanctos
666 1557 766 1587 terra
794 1548 957 1599 profana
986 1548 1155 1586 modos?

193 1613 229 1651 O
260 1614 447 1663 Solymae,
480 1615 515 1653 O
546 1616 668 1664 adyta,
698 1622 735 1653 et
764 1615 860 1653 sacri
889 1614 1097 1664 penetralia
1126 1617 1257 1665 templi
1274 1631 1285 1663 ,-

245 1680 384 1718 Ullane
413 1693 481 1719 vos
510 1682 640 1719 animo
671 1681 794 1719 deleat
822 1681 916 1718 hora
944 1680 1061 1717 meo?

193 1745 442 1795 Compreeor,
472 1754 560 1784 ante
589 1759 698 1784 meae
730 1747 883 1796 capiant
912 1758 975 1783 me
1006 1745 1145 1783 oblivia
1175 1747 1343 1793 dextrae,

248 1811 331 1850 Nec
361 1825 511 1850 memor
539 1819 695 1862 argutae
725 1813 771 1850 sit
800 1825 887 1849 mea
916 1812 1050 1849 dextra
1081 1811 1207 1860 lyrae:

195 1877 252 1915 Os
281 1877 373 1914 mihi
403 1877 582 1915 destituat
610 1890 697 1923 vox,
728 1884 926 1915 arescente
956 1877 1097 1926 palato,

249 1943 418 1981 Haereat
447 1944 495 1981 ad
526 1944 653 1982 fauces
683 1956 819 1994 aspera
847 1944 978 1992 lingua
1006 1955 1138 1980 meas:

194 2009 322 2046 Prima
351 2008 442 2046 mihi
471 2017 616 2047 vestrae
645 2010 717 2047 nisi
748 2010 821 2047 sint
850 2009 1059 2059 praeconia
1088 2008 1235 2055 laudis;

248 2074 351 2113 Hinc
380 2075 452 2112 nisi
482 2075 643 2113 laetitiae
674 2083 804 2125 surgat
832 2075 941 2124 origo
970 2086 1091 2112 meae.

194 2140 246 2177 At
276 2140 338 2177 Tu
369 2138 484 2190 (quae
515 2147 667 2178 nostrae
697 2141 888 2178 insultavit
917 2140 1015 2177 laeta
1043 2138 1215 2190 rapinae)

251 2205 388 2243 Gentis
417 2205 624 2244 Idumaeae
655 2206 718 2243 Tu
746 2219 898 2244 memor
927 2213 1020 2251 esto,
1052 2205 1175 2244 Pater.

198 2270 380 2321 ‘Diripite
409 2284 456 2309 ex
486 2272 570 2309 imis
600 2273 752 2310 evertite
781 2272 1040 2310 fundamentis
1057 2285 1066 2318 ;

253 2337 490 2388 Aequaque‚'
522 2338 751 2386 clamabant,
782 2338 949 2376 ‘reddite
979 2345 1078 2376 tecta
1108 2338 1215 2376 solo.'
