1789 2875
519 329 680 360 CANTA
692 328 753 359 TE
779 328 989 359 DOMINO.
1335 335 1347 358 1
1359 331 1380 368 5

127 439 303 487 Aequat;
343 442 379 474 et
407 434 607 473 adversum
637 433 760 470 fidens
791 433 844 470 fer
871 440 1004 482 pectus
1033 434 1072 470 in
1100 433 1264 470 hostem.

126 503 250 540 Frena
278 501 345 539 tibi
373 511 502 538 currus
531 497 677 535 Verum
705 497 922 536 moderetur
950 504 988 535 et
1015 498 1207 547 Aequum,

127 567 177 605 Et
206 579 304 617 quae
333 564 582 614 praecipitem
612 561 828 600 Clementia
858 570 1043 612 temperat
1073 565 1176 601 iram.

128 633 202 671 His
231 632 390 670 ducibus
418 629 484 666 tibi
514 634 642 677 surget
670 629 808 674 honos,
839 635 903 666 tua
932 629 1087 667 dextera
1116 628 1224 666 sactis

128 698 238 736 Clara
266 708 334 746 per
362 695 514 744 ignotas
543 693 677 731 fundet
705 694 886 732 miracula
914 701 1052 732 terras:

129 762 334 812 Cordaque
363 758 549 796 vulnificis
580 759 703 807 figens
732 759 887 797 inimica
916 760 1075 809 sagittis,

131 828 277 878 Sponte
307 826 374 863 tibi
402 836 521 874 coges
551 824 693 862 validas
723 826 977 875 procumbere
1006 831 1153 874 gentes.

130 930 214 969 Nec
245 928 359 966 maris
388 933 450 964 aut
479 932 598 964 terrae
628 927 805 976 spatium,
836 939 907 964 nec
937 927 1120 964 terminus
1150 927 1231 964 aevi

130 995 253 1032 Finiet
281 993 492 1043 imperium,
521 992 660 1042 sceptri
690 992 954 1030 moderamine
980 993 1071 1043 justi

131 1060 249 1107 Quod
277 1059 387 1108 regis,
418 1065 454 1096 et
481 1057 588 1107 leges
617 1057 742 1094 mollis
772 1057 982 1096 clementer
1010 1058 1178 1096 acerbas.

130 1127 191 1164 Te
220 1138 334 1175 super
362 1135 576 1173 aequaevos
606 1135 742 1161 omnes
772 1123 972 1172 Regnator
1002 1124 1158 1174 Olympi

131 1193 274 1242 Diligit,
303 1198 340 1229 et
368 1190 468 1227 laeto
498 1189 643 1226 vultum
673 1188 895 1227 exhilaravit
924 1190 1034 1227 olivo.

132 1258 246 1296 Unde
275 1257 328 1294 tui
357 1255 526 1293 mulcent
553 1254 687 1304 populi
716 1266 815 1291 nova
843 1255 984 1303 gaudia
1011 1263 1172 1302 mentes,

133 1324 250 1362 Pallia
278 1333 397 1372 quum
426 1320 560 1358 loculis
588 1320 655 1357 tibi
685 1320 965 1368 depromuntur
992 1322 1157 1368 eburnis,

132 1391 181 1429 Et
209 1388 384 1440 myrrhae
413 1387 556 1436 passim
585 1386 773 1432 lacrimae,
804 1393 1023 1436 stactaeque
1053 1388 1177 1425 stiavis

134 1457 297 1502 Halitus,
327 1461 363 1492 et
391 1452 527 1490 molles
558 1452 683 1490 casiae
712 1451 923 1490 funduntur
951 1454 1102 1491 odores.

134 1521 307 1560 Ancillae
336 1524 520 1568 apparent
549 1529 673 1566 genus
703 1516 780 1554 alto
810 1530 831 1554 e
860 1519 1046 1567 sanguine
1076 1531 1211 1568 regum

135 1587 239 1625 Inter
267 1586 476 1623 honoratas
504 1590 706 1633 promptae
735 1582 784 1620 ad
812 1589 877 1620 tua
901 1584 1007 1633 jussa
1036 1584 1236 1623 ministras.

137 1689 186 1726 At
216 1688 367 1737 Regina
394 1686 467 1723 tori
497 1696 658 1722 consors
688 1684 754 1721 tibi
786 1685 942 1723 dextera
971 1686 1161 1733 adhaeret,

139 1757 243 1793 Auro
272 1754 374 1803 picta
401 1753 518 1796 sinus,
549 1761 642 1788 auro
670 1751 815 1788 radiata
843 1752 1009 1801 capillos,

137 1819 244 1856 Misit
273 1819 321 1856 ab
349 1816 443 1854 Eois
474 1815 631 1865 Ophyre
661 1815 767 1865 quod
794 1816 892 1853 flava
920 1817 1091 1855 caminis.

138 1885 278 1933 Tuque
307 1882 416 1928 adeo,
448 1881 610 1930 Regina,
641 1882 742 1927 audi,
772 1888 809 1919 et
837 1894 918 1919 rem
948 1890 1104 1932 pectore
1135 1882 1284 1929 conde:

139 1950 223 1987 Nec
252 1961 339 1986 mea
369 1948 470 1986 dicta
499 1959 600 1996 nega
628 1946 799 1997 placidas
828 1948 1026 1986 demittere
1056 1949 1095 1985 in
1124 1959 1254 1985 aures:

138 2015 225 2065 Jam
254 2025 357 2051 nunc
386 2020 422 2050 et
451 2013 612 2062 patriam
641 2019 678 2050 et
706 2020 855 2062 patrem
885 2014 1117 2059 obliviscere,
1145 2014 1225 2063 jam
1255 2026 1358 2051 nunc

138 2080 197 2117 Ex
228 2079 358 2116 animo
388 2090 498 2115 caros
526 2078 678 2127 penitus
708 2078 860 2128 depone
888 2080 1151 2129 propinquos:

140 2143 273 2180 Unum
302 2141 422 2178 oculis
452 2147 594 2190 specta,
625 2153 746 2178 unum
775 2143 905 2179 animo
935 2141 1191 2191 complectere
1221 2154 1374 2191 regem;

142 2209 293 2257 Regem
322 2206 442 2244 oculis
470 2206 688 2256 animoque,
719 2214 785 2245 tuo
815 2208 879 2257 qui
907 2207 1051 2258 pendet
1080 2208 1128 2245 ab
1157 2220 1234 2254 ore,

142 2272 268 2310 Unius
297 2279 334 2310 et
362 2271 530 2322 pulchris
559 2272 706 2310 defixus
735 2272 897 2310 vultibus
926 2273 1065 2310 haeret.

143 2337 261 2376 Hunc
291 2338 492 2376 dominum
522 2350 703 2388 agnosce,
733 2344 770 2376 et
799 2337 961 2388 supplex
991 2350 1181 2384 venerare,
1211 2350 1283 2376 nec
1313 2338 1372 2375 ille
