1743 2844
213 356 261 392 50

618 349 788 380 POEMA
799 349 856 380 TA
886 349 942 379 SA
952 348 1052 380 CRA.

374 455 410 495 O
440 467 509 505 per
536 455 601 505 qui
631 454 702 502 Te,
731 455 934 493 hominum
963 455 1053 493 Dux
1081 455 1196 500 bone,
1227 453 1358 491 detulit

375 521 540 559 Sanctae
570 528 722 559 sanetus
752 534 860 559 amor
889 520 1060 570 Virginis
1091 520 1129 557 in
1159 520 1297 565 sinum,

375 586 461 625 Nos
492 587 648 636 dignare
677 594 743 624 tuo
773 586 903 624 tollere
932 599 1034 623 nune
1064 586 1149 624 sinu

483 652 618 701 Usque
647 652 685 688 in
715 651 902 689 sideream
932 651 1118 689 domum!

378 740 548 789 Simplex
577 745 645 777 etc.

1194 802 1224 839 I
1220 803 1304 839 dem.

564 979 617 1009 IN
655 979 738 1009 DIE
774 977 1120 1010 PENTECOSTES.

378 1099 516 1136 Lustra
543 1104 674 1136 nostra
701 1096 764 1135 tua
791 1104 948 1148 pectora
976 1095 1167 1145 lampade,

381 1164 459 1211 Qui
489 1164 688 1213 quondam
717 1164 880 1201 altisono
912 1163 1072 1212 Spiritus
1102 1175 1123 1199 a
1153 1161 1264 1199 Patre

381 1229 566 1267 Lustrasti
593 1229 794 1267 unanimes
823 1229 962 1266 missus
991 1226 1214 1277 Apostolos,

488 1294 650 1344 Linguis
681 1294 820 1332 diditus
847 1295 981 1343 igneis.

382 1394 580 1432 Confirma
610 1393 759 1439 dubios,
788 1393 908 1442 dirige
939 1393 1079 1430 devios.

383 1460 594 1498 Consolare
623 1460 677 1497 tui
705 1459 874 1496 muneris
902 1459 1066 1507 indigos,

382 1525 580 1575 Letalique
611 1526 761 1563 animos
790 1524 931 1573 frigore
961 1523 1136 1573 torpidos

495 1591 646 1629 Sanctis
675 1591 828 1640 ignibus
857 1590 991 1627 excita.

385 1691 500 1728 Mens
530 1691 744 1728 doctrinam
773 1689 881 1726 avide
910 1696 1042 1726 nostra
1069 1688 1174 1724 bibat
1202 1694 1317 1733 tuam,

387 1758 608 1806 Perstetque
637 1757 787 1794 assidue
815 1761 897 1793 tota
924 1755 1011 1792 Deo
1040 1754 1179 1799 calens,

386 1823 446 1869 Et,
476 1835 585 1871 spem
615 1822 723 1859 firma
751 1822 789 1858 in
818 1833 864 1858 eo
894 1821 1129 1858 constituens
1159 1820 1239 1865 sibi,

496 1889 659 1926 Terram
689 1900 759 1937 pro
788 1887 906 1924 nihilo
935 1892 1052 1936 putet.

390 1991 425 2028 O
455 2003 581 2027 rerum
611 1990 710 2027 alme
741 1990 862 2034 Sator,
894 1995 994 2026 certe
1022 1988 1200 2026 homines
1230 1999 1373 2033 sumus,

390 2056 626 2105 Quanquam
654 2055 822 2104 indigna,
852 2061 939 2092 tuae
969 2055 1116 2092 semina
1146 2054 1335 2099 dexterae,

392 2121 452 2158 Ne
482 2121 546 2166 ser,
578 2133 675 2170 quos
705 2128 768 2157 tua
801 2121 856 2157 vis
885 2120 1017 2158 extulit
1045 2133 1093 2158 ex
1121 2120 1253 2165 humo,

499 2187 668 2224 Aeterno
699 2186 814 2223 exitio
843 2186 962 2224 obrui.

396 2274 566 2324 Simplex
596 2280 666 2312 etc.

1211 2337 1320 2376 Idem.
