1743 2844
606 341 773 372 POEMA
784 341 841 371 TA
879 341 1038 371 VARIA.
1398 336 1446 382 89

194 446 266 485 Cui
294 453 400 497 pater
429 447 510 496 ipse
540 445 679 495 Lyram
708 452 745 483 et
774 446 961 494 plectrum
990 445 1203 483 transcribit
1233 445 1385 494 Apollo,

248 512 375 559 Quem
406 513 475 549 sibi
505 511 670 548 Pierides
701 523 886 560 spemque
916 518 1138 560 metumque
1168 518 1325 560 putant:

194 576 280 614 Hos
309 590 376 627 per
396 584 431 615 te
461 577 598 614 exculti
628 577 771 625 primos
801 588 896 626 cape
925 578 1020 613 ruris
1049 576 1228 622 honores,

247 642 358 689 Quos
387 643 453 679 tibi
482 643 545 679 dat
572 641 730 679 tremula
761 648 890 679 nostra
918 641 1057 679 Thalia
1085 653 1212 678 manu.

193 707 341 745 Scilicet
371 707 548 745 aurifluae
577 719 782 744 numeroso
812 708 967 744 verbere
996 707 1148 755 linguae
1225 700 1227 702 ¹

245 772 350 810 Dum
378 780 417 810 tu
447 773 563 810 corda
591 773 754 822 loquens
784 772 1047 822 obstupefacta
1075 772 1210 821 quatis,

192 839 350 876 Pectore
380 846 416 876 et
445 851 467 876 a
496 839 611 876 docto
641 851 882 887 gemmarum
912 838 1068 888 projicis
1099 838 1271 883 imbrem,

245 904 373 951 Quem
402 905 522 953 rapiat
551 904 661 941 celeri
690 904 786 941 lecta
811 904 966 952 juventa
996 915 1134 949 manu;

173 970 263 1007 .Per
291 976 355 1007 tua
383 981 456 1018 ego
485 969 679 1019 ingressus
708 969 841 1006 timido
870 968 1028 1017 vestigia
1058 980 1185 1017 passu,

246 1035 416 1080 Sedulus,
446 1035 541 1072 haec
570 1035 725 1072 tandem
755 1035 1033 1085 qualiacunque
1063 1034 1171 1071 dedi:

190 1102 301 1149 Quae
331 1102 396 1139 tibi
426 1101 516 1138 dum
546 1100 732 1149 placeant,
763 1100 922 1137 aliorum
948 1099 1050 1137 haud
1074 1106 1215 1149 puncta
1241 1100 1443 1137 morabor:

243 1166 393 1216 Judicio
420 1172 522 1204 tutus
552 1165 760 1215 despiciam
790 1165 850 1202 illa
879 1172 955 1203 tuo.

1333 1228 1446 1266 Idem.

783 1318 849 1349 X1.

660 1412 712 1444 IN
750 1412 975 1444 EUNDEM.

190 1490 406 1529 Dicebam:
446 1490 554 1537 Mihi,
584 1491 765 1536 Pierides,
799 1498 951 1540 praesto
982 1499 1061 1528 este
1091 1491 1254 1536 canenti,

244 1555 293 1593 Et
322 1556 413 1593 mihi
442 1563 493 1602 tu,
521 1563 648 1593 vatum
678 1557 812 1594 ductor
841 1557 995 1605 Apollo,
1026 1556 1118 1593 fave.

190 1622 293 1658 Aure
322 1633 427 1659 meas
458 1621 570 1658 surda
600 1621 737 1659 Musae
768 1634 944 1671 sprevere
974 1621 1172 1671 querelas:

244 1686 347 1724 Aure
375 1699 481 1725 meas
511 1687 624 1724 surda
652 1688 790 1737 sprevit
819 1688 961 1737 Apollo
995 1699 1139 1736 preces.

190 1751 334 1789 Verum
362 1753 428 1790 ubi
458 1752 598 1790 Mureti
627 1765 689 1791 me
719 1765 803 1791 sum
832 1753 880 1790 de
909 1759 1023 1802 gente
1052 1752 1257 1802 professus,

244 1818 294 1855 Et
322 1818 423 1856 dixi:
463 1817 617 1856 Marcus
646 1831 708 1856 me
737 1831 892 1868 quoque
921 1825 1044 1856 vester
1074 1825 1198 1864 amat;

192 1883 331 1921 Mureti
360 1884 490 1922 audito
519 1892 765 1922 occurrerunt
795 1885 951 1922 nomine
981 1884 1129 1930 Musae,

247 1948 392 1998 Sponte
421 1956 459 1986 et
488 1961 605 1999 opem
635 1949 816 1988 Phoebus
846 1950 976 1987 detulit
1004 1950 1087 1999 ipse
1117 1961 1237 1987 suam.

1333 2014 1444 2052 Idem.

778 2103 860 2133 XII.

440 2201 491 2232 IN
529 2201 578 2232 M.
618 2202 660 2232 A.
700 2200 891 2232 MURETI
927 2199 1199 2240 JUVENILIA.

191 2281 294 2318 Tam
322 2280 426 2317 bona
455 2292 570 2328 posse
598 2287 709 2329 putas
739 2280 918 2329 cuiquam
943 2279 1124 2328 juvenilia
1153 2279 1255 2317 credi

245 2345 436 2391 Carmina,
468 2345 584 2395 digna
613 2346 702 2391 viro,
734 2345 861 2394 digna,
892 2343 1054 2391 Murete,
1083 2357 1175 2383 sene
