1789 2875
567 735 965 783 LECTORI
1024 735 1071 781 S.

236 906 352 949 QVAE
378 907 579 948 sequuntur
605 904 766 937 carmina
791 907 964 947 excerpta
989 907 1071 936 sunt
1100 913 1144 936 ex
1175 902 1316 946 scriptis
1345 905 1447 943 poet—

187 979 289 1001 arum
324 969 384 1012 qui
418 971 499 1012 post
533 967 716 1011 depulsam
750 967 871 1001 seculo
905 967 1047 1001 decimo
1081 967 1209 1011 quinto
1246 965 1447 999 barbariam

187 1033 301 1066 altero
324 1032 393 1074 illo,
412 1035 451 1065 ut
476 1033 524 1065 ita
548 1032 677 1074 dicam,
696 1042 806 1065 aureo
830 1031 991 1074 Linguae
1009 1030 1162 1064 Latinae
1186 1030 1307 1063 seculo
1331 1029 1446 1062 exorti

187 1101 269 1130 sunt
303 1096 511 1130 nobilissimi
545 1101 582 1130 et
616 1096 822 1130 clarissimi:
859 1095 983 1139 quales
1013 1094 1133 1129 furere
1165 1104 1267 1128 verae
1298 1103 1448 1137 poeseos

187 1161 290 1194 laude
322 1161 477 1203 insigniti
511 1160 606 1204 apud
636 1160 745 1194 Italos
778 1160 984 1202 Flaminius,
1015 1159 1109 1203 apud
1145 1159 1328 1202 Hispanos
1358 1157 1447 1190 Per—

188 1225 363 1268 pinianus‚
398 1225 492 1268 apud
527 1224 652 1258 Gallos
686 1225 866 1266 Muretus,
901 1224 995 1268 apud
1032 1224 1161 1257 Scotos
1196 1222 1447 1261 Buchananus,

187 1289 280 1332 apud
304 1288 438 1331 Anglos
463 1288 763 1331 Miltonus,—viri
790 1288 918 1322 aetatis
943 1299 1028 1321 suae
1052 1287 1237 1330 totiusque
1263 1286 1446 1319 literarum

187 1352 405 1396 reipublicae
435 1353 569 1386 decora
599 1356 710 1397 atque
741 1357 955 1387 ornamenta
984 1352 1150 1385 maxima.
1203 1351 1257 1384 Ex
1288 1350 1352 1391 his,
1383 1350 1445 1382 de-

187 1419 283 1451 lectu
313 1417 449 1459 habito,
477 1417 614 1451 Mureti
641 1421 677 1451 et
704 1416 913 1450 Buchanani
939 1416 1045 1459 selegi
1071 1416 1230 1449 carmina
1256 1415 1445 1459 quaedam,

187 1493 279 1525 quae
311 1481 396 1514 mihi
427 1481 574 1526 quidem
606 1481 707 1515 valde
737 1481 939 1525 placebant,
967 1481 1145 1524 dignaque
1175 1480 1229 1513 vel
1261 1480 1294 1513 in
1326 1479 1447 1523 primis

186 1546 410 1588 videbantur,
432 1555 536 1589 quae,
559 1549 599 1578 ut
626 1545 754 1578 Musae
780 1545 930 1579 Latinae
956 1545 1121 1588 exempla
1147 1544 1362 1584 recentiora,
1386 1544 1446 1586 ju-

186 1610 326 1643 ventuti
356 1609 538 1643 studiosae
572 1620 645 1643 non
679 1609 794 1643 solum
826 1608 870 1642 ad
898 1608 1148 1642 admirandum
1180 1619 1305 1641 verum
1335 1608 1445 1641 etiam

186 1674 230 1706 ad
259 1673 472 1707 imitandum
502 1677 815 1717 proponerentur:
851 1683 1058 1716 quanquam
1091 1672 1179 1706 haec
1213 1671 1331 1705 studia
1361 1671 1446 1704 nulli

186 1749 259 1771 non
292 1738 403 1771 aetati
437 1737 680 1771 conveniunt:
719 1747 802 1770 nam
836 1741 982 1770 ceterae
1016 1736 1163 1780 quidem
1197 1740 1292 1769 artes
1326 1746 1444 1779 neque

185 1807 391 1846 temporum
410 1806 503 1844 sunt,
523 1812 640 1845 neque
658 1805 818 1835 aetatum
840 1801 1013 1843 omnium,
1033 1811 1152 1845 neque
1171 1800 1356 1843 locorum3
1382 1799 1445 1832 sed

185 1867 275 1900 haec
291 1866 419 1908 studia,
440 1870 479 1899 ut
499 1865 617 1899 Marci
637 1864 735 1898 Tulli
759 1865 875 1899 verbis
897 1869 990 1907 utar,
1012 1865 1020 1881 ‘
1034 1864 1312 1898 adolescentiam
1335 1864 1445 1905 alunt,

186 1934 411 1964 senectutem
441 1929 637 1972 oblectant,
665 1929 841 1962 secundas
875 1940 932 1962 res
962 1933 1104 1971 ornant,
1133 1928 1289 1962 adversis
1323 1928 1444 1971 perfu-

186 1995 281 2037 gium
313 2004 353 2027 ac
381 1993 547 2027 solatium
575 1992 762 2036 praebent,
791 1992 975 2026 delectant
1002 1993 1112 2034 domi,
1139 2003 1211 2025 non
1244 1992 1444 2035 impediunt

185 2058 282 2099 foris,
302 2061 519 2100 pernoctant
537 2057 737 2099 nobiscum,
756 2057 1041 2100 peregrinantur,
1061 2056 1302 2090 rusticantur.’

232 2121 362 2155 Addidi
387 2121 547 2154 carmina
569 2131 683 2164 pauca
706 2131 750 2154 ex
775 2124 984 2154 nostrorum
1009 2120 1150 2164 scriptis
1167 2120 1320 2161 delecta,
1340 2131 1444 2165 quae,

183 2190 356 2230 tanquam
375 2185 541 2219 flosculos
559 2185 719 2229 undique
743 2184 936 2229 decerptos
959 2189 1068 2229 atque
1087 2185 1274 2226 delibatos,
1294 2185 1444 2218 Lectori

184 2251 308 2285 talium
327 2250 537 2284 deliciarum
555 2250 707 2284 amatori
726 2250 943 2284 commendo
962 2254 999 2283 et
1017 2250 1133 2283 trado.

786 2323 846 2353 ³3
