1743 2844
242 313 288 347 74
601 309 654 341 M.
683 309 906 341 ANTONII
927 310 1133 341 MURETJ

238 409 449 460 Postquam
478 424 559 449 non
588 414 696 462 potui
724 414 850 451 vivum
879 421 915 452 te
944 414 1151 461 inflectere,
1180 415 1286 462 dixit,

293 475 504 525 Persequar
533 477 582 514 ad
614 477 766 528 Stygios
794 486 832 516 te
860 486 990 517 tamen
1018 493 1140 530 usque
1169 480 1284 519 lacus.

238 538 354 586 Dixit,
385 547 421 578 et
449 542 674 580 incumbens
703 544 841 592 gladio,
871 551 1011 582 terram
1039 557 1106 582 ore
1135 546 1358 584 momordit.

294 605 417 654 Saepe
448 620 555 645 amor
584 609 742 647 insanus
770 609 859 646 talia
887 617 1060 648 monstra
1088 612 1196 660 parit.

788 790 960 822 XXXIII.

593 906 655 936 DE
693 906 861 937 MORTE
900 907 949 938 M.
990 907 1152 938 BRUTI.

243 1006 380 1043 Brutus
409 1012 450 1043 ut
479 1007 656 1055 Augusto
687 1007 773 1044 belli
803 1008 1008 1045 succedere
1037 1008 1218 1057 palmam,

297 1071 346 1108 Et
375 1071 546 1120 paullum
575 1084 598 1108 a
627 1072 733 1109 victis
762 1072 852 1108 vidit
881 1073 1015 1110 abesse
1046 1085 1148 1119 suos,

242 1136 455 1185 Amplexus
484 1136 654 1185 gladium
685 1136 803 1174 multa
830 1137 910 1186 jam
940 1138 1056 1175 caede
1086 1138 1317 1184 madentem,

294 1202 450 1250 Ergone
480 1209 527 1248 te,
558 1203 663 1248 dixit,
694 1203 848 1252 sospite,
879 1215 1007 1240 servus
1037 1205 1132 1241 ero?

242 1265 347 1312 Quin
375 1267 501 1315 potius
531 1267 617 1304 fatis
646 1267 685 1304 id
714 1268 819 1316 quod
848 1268 1045 1316 praeclusa
1074 1269 1251 1317 malignis

299 1330 389 1368 Non
420 1333 541 1382 potuit
570 1334 723 1382 patriae,
754 1333 887 1370 dextra
916 1333 1048 1370 datura
1076 1334 1168 1370 mihi
1198 1341 1266 1371 est.

244 1396 354 1434 Haec
384 1397 494 1444 fatus,
523 1398 675 1436 rutilum
707 1411 775 1448 per
804 1405 930 1436 costas
960 1399 1077 1448 exigit
1105 1411 1250 1444 ensem,

303 1462 634 1513 Magnanimoque
663 1465 807 1502 cadens
836 1470 992 1514 pectore
1021 1464 1148 1513 pulsat
1177 1465 1347 1502 humum.

248 1527 310 1564 Sic
340 1540 506 1577 quoque,
538 1529 630 1566 dum
659 1530 829 1575 moritur,
860 1530 973 1567 labris
1004 1530 1096 1566 dum
1127 1530 1280 1579 spiritus
1311 1536 1419 1575 errat,

304 1591 417 1630 Nunc
447 1594 507 1640 ait,
538 1595 654 1632 invito
685 1595 862 1639 Caesare,
892 1595 985 1631 liber
1014 1606 1092 1631 ero.

794 1775 962 1806 XXXIV.

508 1892 570 1922 DE
609 1891 777 1923 MORTE
815 1890 864 1922 M.
905 1891 944 1922 T.
984 1890 1254 1922 CICERONIS.

251 1993 383 2039 Quum
412 1993 513 2030 ferus
543 1993 709 2030 adstaret
739 1993 868 2030 stricto
898 2003 1082 2028 mucrone
1112 1990 1274 2033 satelles,

306 2058 463 2095 Sumere
494 2058 721 2107 supplicium
751 2057 798 2094 de
829 2056 1016 2094 Cicerone
1047 2068 1199 2105 parans,

251 2124 420 2160 Immoto
450 2123 563 2167 vultu,
595 2129 707 2172 atque
738 2122 857 2160 oculis
887 2122 1152 2159 constantibus
1180 2122 1239 2158 ille

305 2188 498 2225 Praebens
528 2187 684 2225 infanda
715 2187 811 2225 colla
841 2187 1008 2225 secanda
1036 2199 1164 2232 manu,

251 2253 407 2290 Publica
436 2253 587 2290 libertas
616 2252 691 2290 vita
720 2252 812 2289 mihi
842 2252 975 2297 carior,
1006 2252 1138 2301 inquit,

305 2318 371 2355 Me
401 2330 567 2368 quoque,
599 2331 659 2355 me
690 2317 744 2356 fas
775 2324 841 2363 est,
873 2325 909 2354 te
938 2318 1136 2363 moriente,
1168 2316 1272 2353 mori.
