1743 2844
251 313 265 336 1
273 313 295 336 0
304 313 320 335 Ζ
653 303 825 336 POEMA
836 304 894 335 TA
932 303 1080 334 VARIA
1087 326 1094 333 .

801 469 944 500 XXIII.
989 479 991 481 ’

548 575 599 606 ΙΝ
637 574 920 606 PARADISUM
956 572 1190 604 AMISSUM.

243 665 319 712 Qui
348 664 443 714 legis
473 665 670 702 Amissum
699 663 933 709 Paradisum,
964 662 1123 711 grandia
1151 662 1283 711 magni

297 730 478 768 Carmina
507 729 672 775 Mistoni,
701 729 795 777 quid
823 728 895 765 nisi
924 733 1062 765 cuncta
1090 727 1210 776 legis?

242 795 322 832 Res
352 802 520 841 cunctam,
553 802 589 832 et
619 801 843 832 cunctarum
872 793 1053 842 primoria
1080 804 1219 837 rerum,

294 861 343 898 Et
372 861 447 898 fata
477 867 512 897 et
541 860 637 898 fines
666 860 837 897 continet
865 860 936 896 iste
966 858 1069 895 liber.

240 926 381 963 Intima
408 926 629 976 panduntur
656 926 788 974 magni
816 924 1025 974 penetralia
1052 923 1197 968 mundi,

294 992 477 1029 Scribitur
506 998 543 1029 et
571 998 655 1028 toto
685 990 868 1040 quicquid
896 990 935 1027 in
964 990 1057 1026 orbe
1086 990 1196 1026 latet:

239 1058 459 1107 Terraeque
490 1064 707 1106 tractusque
738 1057 865 1102 maris,
895 1055 1122 1104 coelumque
1152 1054 1398 1103 profundum,

294 1123 628 1173 Sulphureumque
658 1123 775 1160 Erebi
804 1122 1183 1169 flammivomumque
1214 1133 1374 1170 specus:

239 1190 428 1239 Quaeque
457 1190 588 1227 colunt
617 1196 745 1234 terraS,
775 1194 1016 1237 pontumque
1045 1194 1082 1223 et
1112 1186 1274 1223 Tartara
1301 1199 1439 1233 caeca;

292 1255 481 1304 Quaeque
510 1256 640 1292 colunt
669 1255 808 1292 summi
838 1252 964 1290 lucida
992 1251 1134 1300 templa
1162 1252 1261 1300 poli:

238 1320 285 1357 Et
316 1321 575 1371 quodcunque
605 1321 688 1358 ullis
718 1320 943 1358 conclusum
973 1324 1029 1355 est
1058 1317 1196 1354 finibus
1225 1330 1400 1367 usquam,

291 1387 341 1423 Et
368 1388 450 1425 sine
479 1387 555 1424 fine
586 1385 728 1430 Chaos,
759 1391 795 1422 et
824 1385 904 1422 sine
933 1383 1009 1420 fine
1040 1382 1170 1428 Deus;

237 1452 285 1488 Et
315 1453 396 1490 sine
426 1452 501 1489 fine
532 1452 668 1501 magis,
699 1452 729 1489 si
760 1450 852 1499 quid
881 1449 1004 1498 magis
1034 1455 1090 1485 est
1120 1449 1203 1485 sine
1232 1448 1315 1493 fine¹

292 1518 338 1554 In
369 1518 522 1556 Christo
553 1529 643 1566 erga
671 1516 849 1553 homines
879 1514 1102 1552 conciliatus
1131 1526 1250 1551 amor.

238 1583 348 1621 Haec
379 1584 443 1634 qui
474 1589 644 1633 speraret
673 1583 757 1631 quis
788 1581 956 1619 crederet
985 1592 1069 1618 esse
1099 1579 1295 1616 futurum?

291 1649 338 1686 Et
367 1656 496 1686 tamen
526 1649 620 1686 haec
651 1648 765 1685 hodie
795 1654 893 1684 terra
922 1645 1105 1683 Britanna
1133 1645 1234 1694 legit.

237 1714 285 1759 O,
316 1722 482 1764 quantos
511 1715 550 1751 in
578 1714 677 1751 bella
706 1713 846 1750 duces!
887 1723 986 1760 quae
1015 1711 1171 1759 protulit
1200 1714 1330 1748 arma!

291 1779 402 1825 Quae
431 1781 544 1826 canit,
576 1786 613 1817 et
641 1777 785 1828 quanta
814 1776 956 1827 praelia
985 1776 1065 1812 dira
1093 1774 1210 1813 tuba!

236 1844 435 1883 Coelestes
464 1846 588 1884 aciesl
626 1852 741 1894 atque
770 1844 808 1880 in
838 1842 1045 1880 certamine
1075 1841 1251 1878 coelum!

290 1911 338 1947 Et
368 1923 467 1960 quae
496 1911 685 1948 coelestes
714 1921 846 1958 pugna
876 1907 1027 1945 deceret
1056 1909 1192 1955 agros!

236 1976 414 2021 Quantus
444 1977 483 2013 in
512 1977 687 2014 aetheriis
715 1975 811 2012 tollit
840 1986 880 2011 se
911 1973 1062 2011 Lucifer
1091 1973 1229 2010 armis!

289 2043 416 2090 Atque
445 2043 532 2091 ipso
563 2042 733 2091 graditur
762 2041 824 2077 vix
854 2039 1045 2076 Michaele
1074 2039 1225 2076 minor!

235 2106 399 2152 Quantis
430 2114 465 2145 et
494 2120 611 2156 quam
642 2107 801 2144 funestis
831 2105 1067 2143 concurritur
1094 2105 1168 2150 iris,

289 2172 393 2208 Dum
424 2172 524 2210 serus
553 2172 615 2209 hic
645 2172 771 2209 stellas
801 2171 977 2222 protegit,
1008 2171 1067 2207 ille
1096 2171 1216 2219 rapit!

235 2238 338 2274 Dum
367 2238 518 2275 avulsos
546 2244 699 2275 montes
728 2250 799 2275 ceu
828 2237 900 2275 tela
928 2237 1125 2286 reciproca
1154 2241 1341 2284 torquent,

288 2302 336 2340 Et
365 2315 446 2341 non
474 2303 625 2341 mortali
655 2303 819 2352 desuper
847 2303 936 2351 igne
966 2298 1122 2352 pluunt:
