1789 2875
754 333 924 364 POEMA
933 334 992 365 TA
1022 334 1078 365 SA
1088 335 1190 366 CRA.

837 470 965 502 PSAL.
993 470 1097 502 VIII.

507 567 642 605 Gentis
671 565 861 603 humanae
890 571 997 614 pater
1027 572 1141 616 atque
1169 574 1311 613 custos,

560 632 688 678 Quam
719 637 850 667 sancta
878 632 1057 680 majestas
1087 633 1140 669 tui

507 696 685 735 Nominis
715 702 830 732 terras
860 695 1060 744 stupefecit
1089 709 1238 744 omnes,

562 761 627 799 Sol
656 772 750 810 quas
779 773 976 798 recurrens
1006 761 1185 811 adspicit!

506 828 556 864 Et
585 838 697 875 super
725 826 822 863 coeli
850 826 1030 865 radiantis
1060 829 1174 866 orbes

561 892 649 929 Tua
678 891 905 940 magnitudo
934 904 974 929 se
1003 894 1144 930 extulit.

509 959 638 1007 Quam
666 955 730 1005 piei
759 956 946 993 mundum
974 964 1103 996 tueare
1137 957 1236 1004 cure,

561 1022 755 1061 Lactentis
784 1023 865 1058 aevi
894 1022 1052 1061 infantia

508 1089 660 1134 Prodit;
699 1094 739 1124 ut
767 1087 917 1136 linguas
946 1094 1088 1126 temere
1118 1089 1408 1139 obstrepentum

561 1154 651 1192 Tibi
679 1152 817 1190 refutes
847 1152 1040 1191 hostium:

509 1221 694 1258 Hostium
723 1230 887 1268 quorum
914 1219 1032 1255 vomit
1060 1231 1104 1257 os
1134 1219 1298 1257 furorem

563 1286 610 1322 In
638 1291 687 1330 te,
717 1284 870 1333 sititque
901 1284 1139 1333 sanguinem.

508 1353 613 1389 Luce
642 1361 761 1399 quum
790 1349 919 1387 coelos
949 1349 1062 1387 vitrea}
1093 1363 1260 1396 serenos,

561 1415 742 1454 Pollentis
773 1427 891 1464 opera
920 1415 1106 1460 dexterae,

510 1482 660 1527 Cerno;
700 1492 819 1529 quum
847 1480 977 1517 lunam
1007 1481 1224 1530 nitidasque
1254 1482 1378 1519 stellas

563 1547 636 1583 Per
664 1553 700 1583 te
730 1550 874 1582 creatas
903 1545 1129 1594 conspicor:

510 1610 738 1659 Quantulus,
768 1622 921 1647 mecum
950 1610 1083 1647 tacitus
1116 1611 1281 1657 revolvo,

565 1676 700 1714 Homo
729 1681 796 1721 est,
826 1682 867 1711 ut
896 1675 976 1724 ejus
1006 1675 1056 1712 sis
1085 1679 1254 1714 memor!

495 1736 709 1789 'Quantula
737 1740 927 1776 humanae
957 1747 1013 1777 est
1043 1741 1187 1779 subolis
1216 1754 1403 1791 propago,

563 1807 734 1855 Dignere
762 1812 803 1842 ut
831 1805 933 1841 illam
962 1806 1103 1843 visere!

512 1873 630 1910 Hunc
660 1871 745 1908 Deo
776 1871 974 1920 aequalem
1004 1884 1125 1920 prope
1154 1872 1350 1910 reddidisti
1367 1886 1377 1919 5

565 1938 721 1976 Ornasti
750 1937 896 1974 honore
925 1943 961 1973 et
990 1936 1129 1985 glorifu

511 2005 560 2041 Et
589 2011 675 2041 tuae
705 2003 859 2040 dextrae
889 2014 1001 2051 super
1029 2002 1203 2040 universa

566 2069 695 2117 Opera
724 2068 858 2106 creasti
885 2068 1120 2116 principem:

513 2135 674 2179 Cuncta,
704 2134 824 2171 vitalis
854 2134 992 2182 quibus
1022 2133 1180 2170 haustus
1211 2132 1385 2177 aurae'st‚

566 2199 623 2236 Illi
653 2199 788 2236 dedisti
819 2199 888 2235 sub
918 2198 1046 2247 pedes.

513 2265 615 2302 Huic
644 2265 760 2301 boves
790 2271 923 2313 parent
952 2271 988 2301 et
1017 2274 1108 2300 oves
1141 2274 1349 2311 pecusque,

567 2329 837 2379 Quodcunque
867 2329 1013 2379 campis
1042 2329 1206 2378 pascitur
1220 2341 1232 2374 3
