1743 2844
290 298 339 334 30
695 293 865 325 POEMA
876 295 934 326 TA
964 296 1020 326 SA
1030 295 1132 327 CRA.

338 396 401 433 Tu
430 409 585 447 quoque
615 398 786 438 crudeles
815 399 990 449 Babylon
1020 401 1128 438 dabis
1158 401 1276 452 impia
1306 415 1465 451 poenas,

389 463 438 499 Et
464 476 589 500 rerum
618 465 811 502 instabiles
841 467 1035 515 experiere
1066 467 1179 504 vices.

338 529 455 576 Felix,
487 532 551 580 qui
580 532 721 569 nostris
751 533 909 570 accedet
938 533 1110 571 cladibus
1139 533 1252 580 ultor,

392 596 544 635 Reddet
573 597 622 634 ad
651 598 871 647 exemplum
901 599 966 647 qui
995 600 1063 635 tibi
1093 599 1235 636 damna
1263 606 1388 637 tuum.

1221 664 1486 703 Buchananus.

713 878 840 908 PSAL.
871 878 1103 909 CXXXVIII.

280 986 439 1023 Pectore
469 985 529 1023 Te
558 991 667 1033 grato
697 984 988 1034 Dominumque
1017 985 1221 1035 Deumque
1251 985 1401 1024 fatebor

441 1050 584 1088 Coram
615 1050 787 1100 superbis
818 1051 983 1099 regibus,

493 1115 544 1153 Et
573 1122 636 1153 tua
665 1115 764 1153 facta
793 1128 941 1153 canam.

278 1183 339 1220 Ad
369 1190 434 1219 tua
462 1181 605 1231 templa
634 1181 766 1227 oculis,
798 1181 928 1218 animo
958 1181 1007 1218 ad
1036 1188 1100 1218 tua
1129 1181 1289 1219 numina
1319 1188 1510 1230 spectans,

440 1245 596 1283 Nomen
627 1246 831 1283 celebrabo
860 1252 968 1282 tuum

493 1311 801 1360 Perpetuamque
831 1311 967 1349 fidem:

279 1379 355 1425 Qui
386 1378 498 1415 donis
530 1377 720 1426 promissa
749 1377 858 1414 novis
887 1377 1081 1414 cumulata
1111 1377 1301 1427 rependis,

439 1443 561 1480 Audis
591 1449 808 1488 vocantem,
838 1443 979 1480 robora

495 1508 576 1545 Das
607 1508 736 1545 animo
765 1508 929 1558 trepido.

277 1575 348 1621 Te,
379 1585 607 1624 quacunque
636 1579 739 1622 patet
768 1573 878 1610 tellus
908 1574 1129 1611 circumflua
1157 1583 1291 1624 ponto,

438 1640 567 1689 Reges
598 1640 815 1677 fatebuntur
844 1640 983 1685 Deum,

492 1706 625 1752 Quum
655 1706 736 1743 sine
764 1705 840 1743 fine
869 1706 984 1743 fidem

276 1772 498 1810 Audierint:
538 1773 707 1821 ritusque
736 1778 822 1808 tuos
852 1784 965 1820 super
994 1770 1148 1809 aethera
1178 1780 1292 1810 cantu

437 1837 585 1883 Ferent‚
616 1844 779 1886 tuaeque
809 1837 953 1886 gloriae

493 1903 558 1940 Ad
583 1903 693 1952 jubar
722 1903 879 1940 attoniti.

274 1969 374 2006 Nam
406 1969 536 2018 liquidi
566 1981 789 2018 quanquam
817 1975 922 2006 trans
951 1969 1066 2017 ignea
1094 1969 1249 2007 moenia
1278 1971 1411 2008 mundi

439 2035 580 2073 Beatus
609 2036 648 2071 in
678 2035 738 2072 Te
766 2047 996 2084 permanes:

491 2101 676 2138 Attamen
705 2101 807 2138 haud
836 2100 1000 2138 humiles

274 2166 475 2215 Despicis;
515 2166 712 2215 elatosque
741 2167 905 2215 premis:
944 2165 1165 2204 discrimina
1192 2165 1294 2202 mille

437 2231 586 2269 Passim
615 2231 707 2268 mihi
737 2232 1065 2281 circumstrepant,

488 2296 549 2334 Te
577 2296 674 2335 duce
702 2303 803 2335 tutus
833 2309 910 2335 ero.
