1743 2844
650 305 818 337 POEMA
831 306 887 337 TA
925 306 1085 336 VARlA.
1425 313 1437 336 1
1450 312 1496 347 23

296 408 443 448 Obvius
472 412 541 447 en!
581 411 706 459 primo
736 423 945 448 occurrens
975 411 1041 447 tibi
1071 411 1199 447 limine
1231 410 1416 459 Sponsus,

347 474 533 512 Dulcibus
563 476 737 525 alloquiis
767 476 908 524 excipit
938 476 1028 524 Ipse
1057 487 1192 512 suam:

294 542 314 557 ‘⁴
333 540 496 589 Sponsa,
518 541 614 585 veni,
641 546 677 577 et
706 541 815 590 patrii
847 553 941 590 cape
967 541 1047 590 jam
1078 552 1178 578 nova
1207 540 1347 589 gaudia
1377 540 1495 589 regni,

346 604 446 650 Quis
477 606 541 642 tibi
571 605 763 655 perpetuis
793 618 897 643 nunc
927 605 1036 643 datur
1064 617 1186 654 usque
1215 605 1296 642 frui.

290 725 400 763 Voce
430 739 537 764 meas
566 727 700 764 laudes
731 733 863 764 coetus
892 738 1072 764 resonare
1103 726 1281 770 docebas,

345 790 502 828 Sacrum
532 793 596 828 ubi
626 792 828 829 volvebant
857 804 1001 840 organa
1031 791 1141 840 pulsa
1170 790 1315 829 melos:

291 857 307 893 I
338 869 440 894 nunc
470 858 633 895 altisono
663 857 751 895 felix
782 870 897 907 super
925 857 1077 895 aethera
1108 862 1244 903 cantu;

247 913 249 915 ¹
342 922 359 958 I
389 934 491 960 nunc
521 923 677 960 sidereis
707 922 970 961 consocianda
999 921 1159 960 choris.”

1257 987 1309 1025 R.
1335 987 1384 1024 B.
1410 987 1463 1024 K.

770 1158 954 1190 XXXVII.

265 1284 452 1325 CONJL‘X
490 1285 747 1325 CONJUGEM
786 1284 1095 1316 PRAEGRESSA
1131 1284 1465 1325 ALLOQUITUR.

286 1394 368 1432 Scis
396 1395 495 1432 bene
526 1407 642 1444 quam
671 1395 812 1432 multos
840 1401 968 1433 tecum
997 1396 1208 1444 conjuncta
1237 1407 1306 1444 per
1335 1407 1470 1439 annos,

337 1459 386 1496 Et
416 1460 515 1510 quali
543 1460 690 1505 fuerim,
722 1472 807 1497 care
837 1460 981 1505 marite,
1013 1459 1099 1497 fide.

285 1524 400 1562 Nunc
428 1525 563 1562 mundi
592 1525 789 1563 illecebras
820 1537 934 1575 supra
963 1537 1149 1574 curasque
1180 1524 1336 1574 fugaces

336 1589 501 1636 Evehor,
531 1590 708 1628 aetheriis
739 1591 962 1628 consociata
990 1591 1129 1628 choris.

284 1655 367 1692 Nec
396 1657 500 1701 mihi,
531 1656 684 1694 coelum
714 1657 788 1694 hoc
818 1663 855 1694 et
884 1657 1066 1694 coelestia
1094 1656 1236 1705 gaudia
1264 1662 1393 1703 testor,

336 1721 447 1759 Vitae
476 1722 570 1760 dura
599 1721 668 1759 fuit
697 1729 799 1759 meta
831 1734 1011 1772 suprema
1039 1733 1161 1758 meae.

284 1786 344 1824 Te
375 1787 498 1824 solum
527 1787 683 1832 indolui,
714 1794 751 1825 te
780 1788 876 1825 inter
901 1788 1002 1825 mala
1032 1794 1138 1825 tanta
1166 1787 1397 1837 relinquens,

337 1852 449 1889 Heu!
485 1853 585 1889 mala
614 1865 717 1890 nunc
747 1854 878 1890 animo
906 1859 987 1890 tota
1016 1853 1172 1891 ferenda
1200 1855 1290 1890 tuo!

283 1916 360 1954 Sed
388 1917 455 1955 tibi
484 1917 628 1966 pandet
657 1918 726 1955 iter
755 1917 933 1956 divinitus
962 1919 1076 1956 insita
1103 1919 1230 1964 virtus,

334 1982 418 2020 Has
448 1995 583 2021 caecas
611 1983 710 2020 vitae
742 1983 949 2021 discutiens
979 1984 1168 2021 tenebras.

281 2046 347 2085 Me
375 2059 543 2098 quoque,
564 2060 612 2085 ne
643 2048 798 2086 doleas!
829 2049 1011 2086 comitem
1040 2061 1103 2086 me
1134 2061 1287 2098 semper
1316 2049 1488 2095 habebis,

332 2113 382 2150 Et
409 2114 503 2151 mihi
532 2114 609 2152 fida
637 2120 725 2151 tuae
755 2127 846 2152 cura
875 2115 1004 2153 salutis
1035 2116 1114 2161 erit,

281 2177 419 2216 Donec
448 2179 531 2217 viva
560 2180 709 2225 iterum,
739 2180 930 2226 morienti,
960 2187 997 2217 et
1026 2180 1185 2229 pulchra
1214 2181 1381 2228 videbor,

334 2242 423 2281 Dux
454 2245 520 2282 tibi
550 2245 589 2282 in
619 2251 794 2283 aeternas
824 2245 875 2283 ire
906 2252 1039 2295 parata
1068 2245 1218 2284 domos.

1257 2312 1456 2351 Grenvz'lle.
