1743 2844
536 333 697 365 CANTA
706 332 769 363 TE
797 330 1004 363 DOMINO.
1365 350 1382 374 2
1396 347 1410 372 ι

147 439 297 477 Scilicet
327 445 506 489 expectas
534 445 575 475 ut
603 434 740 474 acerba
768 441 890 472 morte
919 440 1162 483 peremptum

202 505 246 542 In
276 505 389 541 vitam
420 514 585 547 revoces,
615 501 828 551 eripiasque
862 500 971 536 neci?

146 570 208 606 An
239 570 402 607 rediviva
430 575 513 605 tuas
542 567 580 603 in
608 566 739 603 laudes
769 577 836 602 ora
865 565 1064 610 resolvent,

201 634 312 681 Quos
339 633 466 683 gelido
496 632 605 669 tellus
634 632 774 669 claudit
803 643 916 668 avara
944 631 1054 667 sinu?

145 700 207 736 An
238 708 302 736 tua
331 699 402 736 sub
430 697 563 735 tumuli
593 697 747 734 bonitas
777 696 992 734 cantabitur
1021 696 1158 732 antro?

200 764 472 813 Vulgabuntve
502 770 606 799 tuam
635 768 740 798 muta
770 760 971 810 sepulchra
1000 761 1142 797 fidem?

143 829 383 879 Justitiamne
412 835 515 865 tuam
546 827 733 864 taciturna
763 827 913 864 silentia
942 826 1142 875 pandent?

199 895 262 932 An
291 893 452 931 referent
481 893 578 930 vires
608 905 686 930 nox
716 893 972 941 tenebraeque
1001 893 1112 929 tuas?

144 960 216 997 Ast
244 971 331 1008 ego,
362 965 491 996 sancte
520 970 671 1007 parens,
702 957 862 1007 supplex
892 964 957 994 tua
986 957 1143 993 numina
1173 956 1319 994 clamo:

200 1024 284 1062 Nec
314 1024 490 1074 precibus
518 1035 638 1060 vacua
667 1029 723 1059 est
753 1022 847 1060 hora
876 1023 1032 1060 locusve
1062 1023 1167 1060 meis.

146 1089 284 1127 Sancte
314 1100 464 1138 parens,
495 1089 646 1125 animae
674 1088 856 1125 auxilium
887 1101 953 1126 cur
982 1087 1169 1125 subtrahis
1198 1089 1363 1137 aegrae?

200 1154 278 1193 Cur
307 1153 422 1193 surda
451 1154 609 1191 miseras
638 1155 785 1203 respuis
815 1166 904 1191 aure
934 1155 1095 1203 preces?

146 1221 213 1258 Me
243 1220 352 1258 dolor
380 1226 417 1257 et
444 1219 577 1269 primis
606 1220 714 1257 labor
743 1220 879 1257 anxius
907 1220 981 1256 urit
1009 1220 1057 1256 ab
1087 1221 1219 1269 annis,-

200 1284 268 1322 Me
297 1285 432 1334 trepidi
462 1285 683 1322 exanimant
712 1285 828 1322 corde
858 1285 1024 1322 micante
1053 1293 1187 1323 metus.

145 1349 212 1388 Me
242 1350 346 1388 furor
375 1351 542 1399 exagitat
571 1357 671 1396 tuus,
703 1351 887 1399 opprimit
915 1350 1086 1399 undique
1115 1358 1256 1399 terr0r;

199 1416 356 1464 Agmen
390 1423 430 1452 ut
460 1415 654 1461 hibernae,
686 1416 793 1464 quod
823 1421 903 1452 sata
931 1416 1079 1464 mergit,
1109 1428 1242 1465 aquae.

145 1480 285 1530 Aeger,
316 1481 440 1529 inops,
472 1481 565 1518 caris
592 1481 704 1529 jaceo
735 1481 905 1518 desertus
935 1480 1088 1527 amicis‚·

200 1545 284 1584 Nec
314 1546 393 1583 noti
423 1546 616 1583 aerumnis
645 1546 873 1594 ingemuere
902 1546 1008 1583 meis.

1248 1613 1359 1652 Idem.

660 1744 788 1776 PSAL.
817 1744 892 1776 XC.

309 1854 501 1892 Coelitum
532 1852 675 1890 Rector
704 1854 818 1898 bone,
848 1853 897 1890 ab
926 1865 1051 1902 usque
1081 1855 1212 1904 primis

312 1919 469 1965 Seculis,
499 1919 633 1955 mundi
654 1917 756 1955 rudis
786 1924 823 1955 et
847 1918 1016 1967 juventa,

312 1984 389 2032 Qui
417 1985 633 2022 laborantes
662 1995 737 2032 ope
766 1982 969 2021 sublevasti

526 2049 686 2099 Semper
715 2049 870 2087 amicos.

311 2137 531 2185 Antequam
560 2136 669 2173 tellus
698 2148 800 2173 nova
828 2137 1028 2186 parturiret

313 2201 507 2239 Montium
537 2191 667 2247 saltus,
698 2208 918 2252 tegeretque
947 2211 1100 2242 montes

312 2266 480 2304 Lucidus
509 2267 606 2304 coeli
636 2268 762 2314 decor,
793 2276 880 2306 ante
910 2276 1031 2309 metas

527 2332 644 2371 Lucis
673 2340 710 2371 et
739 2335 921 2373 umbrae:
