1743 2844
501 344 736 376 CANTAJE
766 342 972 375 DOMOENQ
1318 351 1366 385 33

111 449 202 487 Non
233 461 318 499 ego,
349 448 500 493 Sancte,
530 454 616 485 tuos
646 447 776 484 hostes
806 447 1005 484 hostilibus
1035 446 1097 483 iris

113 515 322 564 Insequar?
362 517 431 552 en!
470 512 611 550 bellum
642 511 733 548 Tibi
762 511 861 549 bella
889 511 1113 561 parantibus
1143 511 1241 549 ultro

112 581 269 627 Indic03
309 591 433 629 neque
463 578 513 615 do
544 578 729 618 dextram,
761 589 886 626 neque
917 577 1071 614 foedera
1097 577 1232 626 jungo.

112 646 175 683 'l'u
205 658 306 683 nunc
335 652 417 682 esto
446 643 539 680 mihi
567 643 672 680 testis
683 655 691 688 ;
733 643 794 679 Tu
824 643 991 691 pectoris
1021 643 1097 679 ima

113 712 248 753 Cerne,
279 710 409 748 Deus!
451 709 680 758 penitusque
710 707 806 745 altos
837 715 1003 746 scrutare
1033 720 1206 745 recessus
1223 721 1231 752 ;

112 777 269 821 Excute,
301 776 332 813 si
361 787 437 824 qua
466 773 558 810 mihi
588 773 712 811 caecis
742 780 921 811 concreta
950 772 1125 810 medullis

112 842 257 879 Haeret
286 841 409 878 adhuc
439 840 555 885 labes,
585 845 622 876 et
651 839 767 876 noxia
796 839 913 876 corda
942 839 1098 888 refinge,

112 907 217 944 Tum
248 906 400 944 sceleris
429 917 567 955 purum
597 905 773 954 accipias,
805 905 1010 954 mittasque
1040 904 1168 942 salutis

112 974 320 1010 Aeternum
350 983 418 1021 per
446 971 525 1016 iter,
554 977 735 1019 rectoque
764 970 802 1006 in
833 970 981 1007 tramite
1012 969 1141 1007 ducas.

1078 1035 1224 1072 Lowllz.

590 1143 887 1175 PSAL.CXLV.

112 1224 171 1262 Te
204 1224 353 1274 Regem
382 1222 674 1272 Dominumque
704 1235 854 1269 canam,
885 1223 978 1260 dum
1006 1223 1132 1261 lucida
1163 1223 1287 1261 volvet

272 1287 441 1325 Lucidus
471 1295 572 1325 astra
600 1288 724 1337 polus,

326 1354 376 1391 Et
405 1354 563 1391 unicum
593 1354 717 1391 colam
747 1353 888 1392 Deum.

114 1420 216 1457 Luce
236 1423 384 1457 'canam
414 1419 485 1465 Te,
516 1426 630 1457 nocte
660 1432 796 1457 canam
826 1419 908 1457 Te:
949 1418 1051 1456 nulla
1080 1419 1222 1456 carebit

275 1483 472 1522 Laudibus
501 1484 595 1522 hora
625 1485 709 1531 tuis,

329 1549 474 1586 Rerum
505 1548 665 1587 Creator
695 1557 731 1587 et
762 1549 884 1587 Salus.

116 1615 258 1666 Magne
291 1614 443 1660 Parens,
475 1615 580 1653 nullo
611 1616 671 1653 cui
701 1616 829 1653 clausa
858 1615 1030 1664 potentia
1060 1614 1135 1652 fine
1166 1622 1235 1660 est,

277 1680 414 1718 Secula
444 1688 583 1719 cuncta
612 1688 698 1719 tuas

329 1747 481 1785 Laudes
511 1748 730 1785 sonabunt:
762 1753 799 1784 et
827 1753 953 1798 patres

116 1814 311 1863 Longaevi
341 1820 405 1850 tua
434 1813 533 1851 facta
563 1820 712 1860 canent,
745 1825 927 1862 seraeque
957 1819 1144 1862 nepotum

275 1878 346 1916 Per
375 1879 510 1917 seriem
541 1880 662 1917 soboli

333 1943 524 1983 Prodent:
563 1957 635 1982 nec
666 1952 769 1982 aetas
798 1945 961 1994 gloriam

117 2009 273 2048 Nesciet
302 2010 378 2048 ulla
407 2017 529 2048 tuam:
570 2010 820 2060 mirandaque
851 2009 950 2048 facta
979 2009 1174 2059 decusque

282 2076 350 2113 Ille
381 2088 531 2114 memor
561 2076 707 2122 referet,

333 2141 410 2179 Hic
439 2143 746 2192 magnitudinem
776 2149 912 2180 canet:

117 2206 182 2243 Ille
212 2207 359 2244 bonum
389 2207 483 2246 feret
511 2215 548 2245 et
575 2209 732 2258 justum,
763 2214 800 2246 et
828 2207 1025 2257 placabilis
1054 2207 1142 2252 irae,

277 2271 328 2310 Et
356 2274 488 2311 veniae
518 2273 680 2319 facilem,
711 2279 748 2311 et

332 2338 457 2389 Larga
484 2340 697 2389 benignum
727 2338 906 2377 dextera:

731 2419 755 2444 D
