1743 2844
247 284 296 320 94
653 274 888 307 POEMATA
925 273 1087 304 VARJA.

822 412 918 444 XVI.

509 503 606 534 ¹AD
642 502 842 534 PETRUM
879 500 1196 532 RONSARDUM.

353 576 566 622 Ronsarde,
596 576 714 614 Aonii
742 575 902 625 pectinis
931 575 1078 620 arbiter,

353 641 430 688 Qui
458 643 638 691 princeps
667 653 849 678 resonum
879 641 1057 678 sollicitas
1086 640 1189 683 ebur,

351 707 641 756 Ventorumque
670 706 795 743 minas
824 712 861 743 et
891 705 1031 743 celeres
1060 711 1198 754 potens

404 772 557 821 Lapsus
587 772 719 810 sistere
748 771 950 808 fluminum
965 784 975 818 3

353 865 521 912 Quando
551 872 586 902 te
616 864 797 902 reducem
826 864 1046 901 Vindocino
1076 877 1123 901 ex
1152 874 1246 912 agro

353 930 578 976 Cernemus,
608 937 778 967 veterum
807 930 917 966 turba
947 928 1166 966 sodalium?

353 996 451 1043 Quis
477 1003 526 1042 te,
556 996 641 1044 quis
671 996 781 1032 niveo
811 994 945 1031 vellere
975 994 1152 1031 conditus

407 1061 532 1098 Nobis
561 1061 730 1098 restituet
760 1060 867 1098 dies?

354 1152 432 1199 Qui
462 1151 648 1189 desiderio
677 1158 836 1201 perpete
866 1163 969 1188 nunc
1000 1150 1064 1195 tui,

354 1217 445 1255 Heu
474 1230 572 1267 quae
602 1229 682 1254 non
711 1217 872 1254 facimus
901 1216 1017 1253 vota?
1057 1215 1194 1264 quibus
1225 1225 1356 1251 sacros

354 1284 488 1321 Postes
516 1283 738 1320 muneribus
768 1282 922 1330 cingere
952 1280 1172 1329 parcimus?

407 1349 515 1396 Quas
545 1360 624 1385 non
655 1347 894 1396 concipimus
923 1346 1082 1396 preces?

354 1442 390 1480 O
420 1442 554 1480 saltem
582 1442 735 1486 interea,
767 1440 953 1491 quidquid
983 1439 1076 1488 agis,
1106 1450 1256 1475 memor

353 1507 485 1545 Nostri
514 1508 618 1545 vive:
658 1508 708 1544 ita
738 1514 773 1544 te
804 1506 973 1544 curribus
1003 1504 1125 1542 aureis

355 1574 505 1611 Rumor
533 1586 600 1622 per
628 1572 813 1622 liquidum
843 1583 1044 1621 gemmeus
1073 1574 1172 1614 a'e'ra,

409 1638 667 1688 Spectandum
696 1637 849 1688 populis
879 1636 1014 1674 vehat!

1227 1698 1340 1736 Idem.

819 1794 936 1826 XVII.

262 1888 326 1917 AD
363 1886 601 1917 DOMINUM
638 1883 934 1923 ZAMOSCIUM,
973 1882 1216 1913 POLONIAE
1253 1881 1483 1913 CANCELL.

248 1961 346 1998 Bina
373 1961 467 1997 mihi
497 1960 631 1997 artifici
661 1959 805 1997 caelata
833 1958 1064 1995 nomismata
1092 1955 1225 1993 dextrfi

249 2027 418 2076 Magnus
449 2027 496 2063 ab
525 2026 674 2063 Arctoo
703 2025 804 2061 misit
835 2023 1059 2061 Zamoscius
1088 2023 1180 2060 orbe

248 2094 385 2137 Aurea,
414 2104 495 2129 non
523 2092 609 2128 vani
638 2089 886 2127 memorabile
915 2090 1054 2138 pignus
1083 2088 1235 2134 amoris,

251 2158 374 2207 Saepe
403 2168 491 2194 meo
521 2162 674 2205 optatos
704 2154 833 2191 animo
863 2153 1063 2190 referentia
1091 2153 1223 2198 vultus,

250 2222 490 2271 Magnanimi
520 2221 685 2270 primum
715 2220 846 2268 Regis,
878 2230 954 2269 quo
984 2217 1121 2254 Martia
1150 2216 1302 2265 gaudet,

251 2287 418 2336 Quoque
449 2292 564 2335 caput
594 2285 703 2323 coelo
733 2285 891 2322 duetore
923 2283 1082 2320 Polonia
1110 2281 1216 2319 tollit.
