1743 2844
218 305 263 342 72
578 303 628 333 M.
662 303 885 335 ANTONJJ
906 303 1112 335 MURET]

773 462 902 493 XXVI.

438 561 501 591 DE
536 561 670 592 LUCII
709 561 964 602 CUJUSDAM
1001 562 1243 594 MEMORIA.

149 657 157 665 ·
209 644 306 681 Esse
336 644 501 694 aliquam
531 645 562 682 si
591 645 674 694 quis
703 646 942 683 memorandi
971 654 1154 696 perneget
1183 654 1312 693 artem⁷

266 709 380 747 Hanc
408 710 472 759 qui
502 709 713 754 confirmet,
744 709 885 747 Lucius
914 723 1012 748 unus
1042 712 1132 749 erit:

210 774 276 812 Ille
307 775 448 812 etenim
478 787 598 824 nuper
627 773 790 823 curaque
820 775 970 824 adjutus
1000 782 1036 813 et
1065 783 1143 813 arte

264 840 363 877 Tres
392 853 522 878 versus
551 840 709 878 totidem
738 840 915 878 noctibus
944 841 1110 878 edidicit.

762 999 914 1030 XXVII.

606 1096 743 1128 FATIS
778 1097 1065 1128 PARENDUM.

207 1182 439 1230 Obsequitor
468 1180 579 1218 fatis:
620 1180 761 1217 ducent
789 1187 826 1218 te
855 1180 932 1217 fata
960 1180 1173 1217 volentem:

262 1247 329 1284 Sin
357 1247 496 1292 minus,
525 1247 682 1283 invitum
712 1252 749 1283 te
778 1252 907 1284 tamen
937 1247 997 1283 issa
1024 1246 1184 1284 trahent.

747 1400 916 1431 XXVIII.

625 1500 781 1531 PETRO
818 1500 1042 1541 QUINTIO.

204 1588 242 1625 si
273 1588 354 1631 dea,
386 1597 484 1634 quae
514 1584 637 1621 dubiis
666 1584 742 1622 huc
770 1584 858 1622 illuc
886 1585 1062 1633 passibus
1092 1593 1195 1626 errat,

256 1653 306 1690 Et
334 1651 431 1700 regit
457 1650 656 1696 humanas,
687 1650 828 1686 lumine
858 1656 980 1699 capta,
1010 1651 1121 1695 vices,

203 1720 331 1765 Quem
362 1714 626 1764 Labyrintheis
654 1716 843 1752 erroribus
873 1716 961 1765 egit,
991 1715 1169 1765 Ulyssem

255 1784 317 1821 Ad
348 1783 489 1832 patrios
518 1788 618 1818 esset
647 1794 762 1830 passa
790 1793 924 1819 senere
953 1781 1061 1819 focos
1078 1795 1086 1828 ;

202 1849 456 1897 Membraque
484 1847 642 1896 lausque
671 1847 735 1883 viri
766 1847 915 1883 tumulo
945 1854 1171 1895 caperentur
1200 1849 1351 1895 eodem,

254 1915 304 1951 Et
332 1918 478 1962 tegeret
505 1924 660 1957 nomen,
691 1913 755 1961 qui
785 1912 879 1961 tegit
907 1924 1006 1957 ossa,
1037 1912 1144 1962 lapis.

200 1980 252 2016 At
281 1979 463 2028 quoniam
494 1977 577 2015 fatis
607 1978 705 2015 varie
735 1977 950 2015 crudelibus
981 1984 1098 2024 actus,

252 2044 359 2081 Dura
389 2045 471 2082 tulit
500 2042 596 2081 terra
626 2043 796 2092 plurima,
823 2044 931 2092 plura
960 2044 1055 2080 mari
1071 2057 1079 2090 ;

199 2111 310 2156 Vivit,
343 2117 379 2148 et
408 2117 560 2148 evectus
589 2110 705 2146 rutilis
735 2121 849 2158 super
879 2109 1030 2147 aethera
1060 2110 1208 2159 pennis,

253 2176 438 2212 Maeonio
468 2175 610 2212 clarum
641 2176 808 2212 carmine
839 2188 983 2212 nomen
1012 2175 1137 2213 habet.

200 2240 328 2277 Macte
359 2240 500 2285 animo,
531 2239 691 2285 Quinti:
733 2241 825 2277 dum
854 2246 890 2277 te
922 2252 1003 2278 sors
1032 2240 1159 2277 invida
1188 2247 1309 2286 vexat,

252 2306 287 2342 A
318 2306 521 2356 patriisque
550 2306 683 2355 procul
712 2305 850 2342 finibus
879 2318 962 2343 esse
989 2305 1107 2354 jubet,
