1743 2844
243 266 315 290 120
652 263 822 294 POEMA
834 264 891 295 TA
927 265 1088 297 VARlA.

238 368 375 406 Talem
403 369 575 405 innatam
603 368 739 405 animis
770 369 883 406 etiam
912 370 1190 408 immortalibus
1219 383 1305 409 esse

237 433 438 472 Credimus
466 434 728 480 harmoniam
769 435 837 472 sed
863 435 1092 473 circumfusa
1120 443 1273 474 coercet

237 499 421 548 Corporis
450 499 544 537 haec
574 500 692 536 nostri
721 501 884 537 tabentis
913 501 1086 550 squalida
1114 503 1238 547 vestis,

236 564 320 602 Nec
349 565 436 602 sinit
466 578 486 602 e
512 565 622 602 coelo
651 577 787 602 vocem
817 566 996 603 exaudire
1026 573 1232 604 sonantem

236 629 481 667 ‘Immortale
510 630 643 676 melos,
674 637 710 667 et
739 631 988 669 inenarrabile
1019 631 1197 669 carmen.’

1318 697 1492 734 Lallzam.

771 820 942 851 XXXIII.

712 928 764 959 IN
802 929 1020 961 EANDEM.

233 1022 317 1059 Nos
348 1022 462 1059 etiam
491 1022 654 1071 patrium
685 1028 775 1060 tunc
805 1035 925 1072 quum
955 1029 1172 1072 repetemus
1202 1023 1424 1073 Olympum,

232 1089 498 1138 Aeternaeque
528 1101 659 1126 morae
690 1089 843 1126 stabunt
872 1090 1081 1127 immobilis
1111 1090 1216 1135 aevi;

231 1151 378 1189 Ibimus
407 1152 546 1188 auratis
576 1164 643 1199 per
672 1151 769 1189 coeli
799 1153 942 1201 templa
971 1154 1136 1198 coronis,

230 1213 369 1251 Dulcia
399 1214 622 1264 suaviloquo
653 1214 846 1252 sociantes
876 1216 1047 1252 carmina
1076 1216 1231 1264 plectro,

229 1280 344 1317 Astra
373 1280 523 1329 quibus,
553 1280 773 1329 geminique
803 1280 881 1329 poli
910 1293 1084 1318 convexa
1115 1281 1318 1318 sonabunt.

231 1345 392 1393 Spiritus
421 1352 458 1382 et
487 1346 642 1395 rapidos
672 1346 737 1395 qui
766 1347 921 1384 circinat
949 1346 1085 1395 igneus
1115 1347 1240 1392 orbes,

229 1410 344 1448 Nunc
374 1423 528 1460 quoque
559 1411 713 1449 sidereis
743 1411 934 1449 intercinit
962 1412 1045 1460 ipse
1073 1411 1222 1449 choreis

228 1475 450 1514 Immortale
479 1477 614 1522 melos,
646 1483 682 1514 et
710 1477 961 1514 inenarrabile
991 1489 1167 1523 carmen3

228 1540 394 1579 Torrida
423 1542 515 1579 dum
544 1542 674 1580 rutilus
704 1542 915 1591 compescit
944 1543 1053 1579 sibila
1082 1554 1252 1592 serpens,

227 1606 486 1656 Demissoque
518 1607 622 1645 ferox
652 1608 781 1656 gladio
812 1609 1045 1645 mansuescit
1074 1607 1219 1653 Orion;

227 1671 431 1710 Stellarum
461 1685 532 1710 nec
563 1673 676 1710 sentit
705 1684 804 1710 onus
835 1673 1054 1711 Maurusius
1084 1673 1202 1710 Atlas.

1293 1737 1487 1776 Mdtonus.

778 1863 942 1894 XXXIV.

631 1972 779 2003 VITAE
816 1972 1081 2004 DISCESSUS.

284 2065 376 2110 Life,
408 2077 463 2102 we
477 2065 533 2102 ’ve
562 2066 661 2102 been
690 2066 784 2114 long
818 2066 1003 2114 together,

283 2130 473 2181 Through
504 2131 675 2180 pleasant
705 2131 781 2169 and
810 2131 977 2180 through
1007 2132 1146 2181 cloudy
1176 2133 1358 2177 weather:

282 2196 366 2235 ''Tis
395 2196 489 2234 hard
517 2204 555 2234 to
587 2205 681 2246 part,
713 2198 824 2234 when
853 2197 994 2235 friends
1023 2210 1085 2235 are
1116 2198 1216 2244 dear,

283 2262 451 2312 Perhaps
481 2263 580 2300 ’twill
610 2270 693 2300 eost
723 2263 816 2301 both
846 2275 950 2312 pang
980 2263 1056 2300 and
1084 2270 1174 2301 tear.
