1743 2844
253 307 300 342 92

659 299 830 332 POEMA
841 301 899 332 TA
937 300 1096 332 VARIA.

414 404 618 443 Commisit
646 417 817 454 genero:
858 417 987 455 neque

413 469 609 519 Impdstus
637 471 741 520 prius
770 478 827 509 est
855 472 992 509 horum
1023 468 1124 508 odiis
1149 470 1299 516 modus,

413 536 542 582 Quam
572 536 678 573 Mars
708 538 894 585 sanguine
925 537 1064 574 civium

414 601 585 650 Campos
614 602 852 639 Pharsalicos
881 602 1051 650 undique
1080 600 1240 638 tinxerit.

417 667 543 714 Tunc,
575 668 748 716 Pompei,
779 674 893 716 caput
921 667 961 703 in
990 675 1096 704 tuum

414 732 508 770 Belli
536 733 718 770 terrificus
749 733 922 770 detonuit
951 733 1093 781 fragor.

414 797 529 835 Nunc
560 797 702 835 Caesar
732 799 828 836 solio
858 798 1028 836 insidens

415 863 567 913 Optatis
596 863 736 909 fruitur,
767 876 914 913 proque
942 864 1099 901 libidine

416 929 527 966 Solus
556 935 742 978 temperat
771 930 911 966 onmia.

416 995 477 1032 Sic
503 994 581 1043 jam
610 996 767 1032 nomine
797 996 867 1032 sub
897 1007 1009 1041 novo,

415 1060 543 1109 Regni
573 1059 696 1097 forma
724 1060 817 1097 redit
846 1068 962 1098 vetus.

415 1126 542 1174 Atque
573 1125 646 1163 hoc
676 1126 817 1163 scilicet
847 1126 961 1163 efficit

417 1191 510 1228 Non
539 1203 706 1240 usquam
736 1191 857 1228 stabili
887 1191 962 1228 fixa
990 1203 1151 1228 manens
1180 1189 1278 1240 pede.

417 1255 507 1293 Sors
537 1268 662 1294 rerum
693 1256 850 1294 domina
880 1256 1065 1293 omnium.

1297 1317 1483 1355 Muretus.

840 1422 919 1453 XV.

528 1512 594 1542 AD
631 1512 931 1543 STEPHANUM
967 1511 1239 1553 JODELLUM.

310 1585 464 1623 Semina
493 1593 578 1624 sunt
608 1587 796 1635 quaedam
827 1576 1069 1624 nascentibus
1099 1586 1209 1622 insita
1239 1585 1363 1630 nobis,

308 1650 418 1696 Quis,
450 1651 545 1689 duce
575 1651 717 1699 natura,
749 1653 797 1689 ad
825 1653 949 1690 varios
977 1652 1205 1701 impellimur
1235 1657 1358 1688 artes:

307 1715 373 1753 Ille
404 1716 473 1754 fori
503 1718 658 1763 rabiem,
688 1730 907 1766 vesanaque
934 1717 1059 1766 jurgia
1088 1717 1226 1763 laudat,

308 1781 357 1818 Et
386 1782 547 1831 pavidos
576 1782 683 1831 grata
713 1783 881 1820 defendit
911 1795 1003 1820 voce
1035 1783 1201 1826 clientes,

308 1847 519 1896 Impatiens
549 1848 629 1886 oti:
669 1855 802 1886 contra
831 1848 892 1886 hic
923 1849 1067 1886 sulcare
1098 1848 1235 1885 carinis

307 1912 445 1962 Regna
473 1914 691 1951 tridentiferi
720 1915 861 1963 gaudet
889 1914 1016 1963 patris,
1046 1920 1083 1950 et
1112 1914 1217 1950 trabe
1245 1912 1350 1950 vasta

307 1978 441 2017 Visere
470 1979 684 2028 longinquo
714 1986 830 2017 terras
860 1980 930 2016 sub
960 1979 1040 2016 sole
1066 1979 1258 2028 jacentes:

309 2043 496 2092 Prodigus
526 2044 586 2082 hic
616 2045 712 2081 vitae
742 2044 916 2081 violentis
945 2044 1093 2081 ducitur
1122 2045 1247 2089 armis,

308 2109 460 2147 Gaudet
489 2116 526 2147 et
554 2110 681 2147 hostili
711 2117 932 2158 stagnantes
962 2110 1148 2158 sanguine
1177 2122 1336 2158 campos

307 2175 501 2223 Aspicere,
532 2182 568 2212 et
596 2175 674 2212 litui
706 2176 831 2213 sonitu
859 2182 1047 2212 recreatur
1076 2182 1215 2221 acuto:

307 2240 376 2277 Ille
407 2241 463 2277 sui
493 2252 690 2289 nunquam
721 2240 817 2277 fines
846 2240 1031 2277 excedere
1062 2240 1171 2288 agelli

309 2307 449 2350 Ausus,
481 2313 582 2342 amat
613 2307 736 2342 tacitis
767 2305 955 2343 deducere
985 2306 1164 2354 passibus
1194 2318 1342 2352 aevum,
