1743 2844
495 350 865 385 EPIGRAMAMTA
896 348 1129 380 SELECTA.
1389 343 1437 388 63

781 469 842 500 VI.

562 561 629 591 AD
664 559 869 591 ANIMUM
907 558 1056 590 SUUM.

189 640 372 687 Quonam
393 638 484 676 abiit
501 638 558 675 mi
579 639 750 675 animus?
781 649 875 674 num
904 649 982 686 quo
1004 636 1121 674 solet?
1152 647 1317 685 auguror
1337 634 1440 672 illuc:

241 705 400 743 Pectore
430 716 470 741 se
502 704 684 741 dominae
714 703 887 741 condidit
917 703 976 740 ille
1006 714 1128 739 meae.

189 771 337 809 Siccine
366 782 428 807 me
457 769 616 806 tandem
644 769 842 814 miserum,
873 768 1041 817 fugitive,
1071 767 1281 816 relinquis?

240 836 401 881 Siccine,
433 834 614 880 desertor,
646 841 772 872 castra
801 834 956 871 inimica
985 834 1114 882 petis?

188 901 223 939 O
254 901 389 939 saltem
418 900 614 938 flammata
642 906 709 937 tuo
739 900 798 936 vel
828 900 877 936 ab
907 899 996 948 igne
1026 899 1200 943 calescat,

241 966 396 1016 Frigore
425 965 482 1003 vel
510 965 685 1003 flammas
715 970 849 1002 enecet
877 965 960 1013 ipsa
988 965 1093 1002 tuas!

776 1084 861 1115 VII.

630 1174 696 1204 AD
734 1173 1009 1205 MARGARIN.

190 1254 312 1303 Virgo
342 1253 462 1292 oculis
490 1253 584 1303 ipsis
612 1253 749 1290 merito
779 1252 873 1289 mihi
903 1252 1037 1297 carior,
1068 1263 1112 1290 ac
1141 1264 1221 1289 non

246 1319 380 1357 Solum
410 1319 531 1357 oculis
560 1319 664 1368 ipsis,
697 1318 789 1368 quin
819 1318 934 1355 etiam
963 1317 1047 1367 ipsa⁴
1077 1317 1214 1363 anima,

191 1386 320 1432 Quam
350 1386 481 1423 niveus
511 1396 664 1422 morum
694 1384 849 1429 candor,
879 1395 989 1421 mens
1018 1385 1149 1422 nescia
1177 1384 1330 1432 fraudis,

244 1450 333 1488 Plus
362 1462 479 1499 quam
509 1450 700 1499 majorum
731 1456 936 1487 stemmata
964 1450 1179 1496 nobilitant,

192 1515 404 1554 Nobilitent
432 1516 519 1553 licet
547 1515 642 1565 ipsa,
671 1515 835 1564 licetque
865 1527 887 1552 a
917 1514 1104 1564 sanguine
1135 1514 1248 1561 claro,

244 1581 294 1619 Et
324 1593 404 1618 non
434 1579 595 1618 obscura
625 1581 671 1618 sit
700 1580 769 1617 tibi
798 1581 915 1629 stirpe
944 1592 1079 1629 genus,

192 1646 359 1693 Quanta,
389 1652 512 1695 putas,
542 1652 712 1683 nostram
741 1652 924 1682 vexarunt
952 1646 1078 1683 taedia
1106 1654 1289 1691 mentem,

246 1711 306 1749 Ex
336 1723 413 1761 quo
443 1711 599 1748 diversis
629 1711 829 1760 coepimus
859 1723 943 1748 esse
974 1711 1095 1749 locis?

194 1777 337 1823 Mitius,
366 1777 493 1815 hostili
523 1783 675 1814 ruerent
705 1789 825 1827 quum
855 1777 1045 1826 Pergama
1074 1776 1218 1824 dextra,

247 1842 598 1881 Laomedontiadas
630 1843 842 1880 indoluisse
870 1850 990 1892 puto:

195 1909 328 1946 Mitius
357 1908 562 1954 Electram,
595 1908 709 1946 falsas
739 1920 859 1957 quum
887 1908 1001 1946 tristis
1031 1907 1079 1945 ad
1109 1920 1219 1946 aures

249 1974 367 2012 Venit
397 1973 582 2012 Oresteae
611 1974 746 2011 nuntia
774 1973 878 2011 fama
906 1974 1023 2011 necis.

197 2040 348 2079 Scilicet
376 2039 480 2076 haud
509 2039 604 2076 alius
635 2040 783 2088 campis
813 2040 960 2077 errabat
988 2039 1094 2076 Aleis

250 2105 449 2142 Excussus
478 2106 602 2153 patrio
632 2116 790 2142 munere
821 2103 1093 2153 Bellerophon.

197 2169 233 2208 O
263 2169 414 2219 quoties
445 2181 563 2219 aegro
593 2170 756 2219 suspiria
786 2176 943 2218 pectore
973 2169 1077 2215 duxi,

251 2235 379 2284 Atque
408 2234 520 2283 ignis,
551 2234 640 2280 dixi,
671 2246 788 2283 quarn
817 2235 951 2283 procul
980 2234 1069 2271 hinc
1099 2246 1208 2272 meus
1239 2236 1316 2273 est!

198 2300 234 2338 O
263 2301 414 2350 quoties
445 2300 578 2350 quavis
607 2300 715 2337 libuit
743 2299 837 2337 mihi
867 2307 990 2338 morte
1020 2300 1174 2349 pacisci,

253 2364 462 2403 Possemus
493 2377 642 2415 paucos
673 2372 713 2403 ut
743 2365 855 2405 simul
885 2377 968 2404 esse
997 2365 1101 2404 dies!
