1789 2875
613 565 642 602 P
659 563 733 603 S'A
748 564 779 601 L
794 564 836 601 M
852 564 880 603 Ι.

656 724 787 755 PSAL.
818 724 846 755 Ι.

230 820 349 858 me
379 819 437 856 ille
467 819 596 865 animi,
626 831 742 868 quem
772 831 851 856 non
882 819 929 857 de
959 820 1105 857 tramite
1140 825 1243 857 recto

228 886 353 934 Impia
383 884 587 933 sacrilegae
618 884 721 922 flexit
751 885 932 934 contagio
964 886 1121 922 turbae:

229 951 320 988 Non
351 951 417 987 iter
446 950 581 987 erroris
610 950 738 995 tenuit,
769 961 942 987 sessorve
971 950 1172 988 cathedrae

228 1016 432 1054 Pestiferae
462 1014 610 1052 facilem
641 1014 745 1052 dedit
774 1015 988 1053 irrisoribus
1019 1027 1170 1052 aurem:

230 1081 307 1119 Sed
335 1082 431 1118 vitae
460 1080 616 1117 rimatur
645 1079 714 1117 iter
742 1080 924 1126 melioris,
954 1087 991 1118 et
1022 1080 1097 1118 alta

228 1148 361 1184 Mente
390 1145 462 1182 Dei
492 1145 596 1193 leges
625 1151 836 1194 noctesque
867 1146 1026 1196 diesque
1057 1145 1223 1183 revolvit.

229 1213 307 1257 Ille,
338 1211 438 1248 velut
468 1210 597 1258 riguae
627 1222 725 1259 quae
755 1211 927 1260 margine
957 1212 1105 1249 consita
1132 1207 1281 1259 ripae'st

230 1279 366 1322 Arbor,
396 1276 487 1321 erit;
519 1288 635 1324 quam
664 1288 744 1313 non
772 1277 940 1315 violento
971 1276 1087 1314 Sirius
1116 1282 1223 1313 aestu

229 1342 375 1386 Exurst,
405 1352 484 1378 non
513 1347 629 1377 torret
658 1340 808 1378 hiems:
846 1342 914 1379 sed
943 1342 1106 1391 prodiga
1134 1341 1235 1377 laeto

229 1408 423 1444 Proventu
452 1407 539 1443 beat
568 1406 798 1454 agricolam;
841 1419 913 1445 ncc
942 1407 1036 1445 flore
1066 1406 1213 1443 caduco

229 1473 424 1516 Arridens,
454 1469 592 1508 blanda
622 1471 823 1509 dominum
854 1484 922 1521 spe
952 1472 1066 1509 lactat
1094 1471 1261 1508 inanem.

232 1572 323 1609 Non
352 1572 403 1608 ita
432 1570 547 1608 divini
578 1582 675 1619 gens
705 1571 835 1608 nescia
865 1570 1037 1617 foederis,
1068 1570 1189 1615 exlex,

231 1636 576 1685 Contemptrixque
605 1635 709 1685 poli:
750 1636 875 1673 subito
905 1636 974 1673 sed
1003 1635 1150 1673 turbine
1179 1634 1275 1682 rapti

229 1702 397 1739 Pulveris
425 1702 542 1739 instar
570 1708 690 1747 erunt,
720 1701 863 1739 volucri
894 1714 1008 1750 quem
1039 1701 1191 1738 concita
1220 1711 1314 1748 gyro

230 1769 334 1805 Aura
362 1767 453 1804 levis
481 1774 634 1816 torquet
662 1779 784 1805 vacuo
813 1767 975 1804 ludibria
1004 1766 1123 1804 coelo.

229 1867 347 1917 Ergo,
376 1866 441 1902 ubi
471 1866 657 1904 veridicus
685 1866 810 1916 Judex
840 1866 878 1902 in
908 1866 1010 1903 nube
1040 1863 1175 1902 serena

230 1933 367 1970 Dicere
394 1932 456 1981 jus
485 1932 620 1978 veniet,
652 1933 880 1982 scelerisque
910 1937 1092 1979 coarguet
1125 1930 1271 1974 orbem,

230 1997 322 2035 Non
353 2009 483 2035 coram
511 1998 696 2047 Impietas
725 2004 897 2035 moestos
927 1996 1095 2034 attollere
1123 1995 1257 2039 vultus,

230 2062 314 2100 Nec
343 2064 481 2100 misera
510 2063 662 2100 audebit
689 2063 813 2112 justae
844 2075 884 2100 se
914 2061 1122 2111 adjungere
1151 2061 1294 2096 turbae.

230 2128 333 2165 Nam
363 2127 473 2165 Pater
501 2128 687 2166 aetherius
713 2130 902 2178 justorum
931 2134 967 2165 et
997 2126 1128 2164 fraude
1158 2131 1354 2163 carentum

230 2193 348 2231 Novit
376 2194 455 2239 iter,
485 2205 719 2245 sensumque
748 2202 876 2241 tenet;
918 2205 1130 2242 curvosque
1159 2197 1319 2241 sequuta

227 2260 409 2309 Impietas
439 2259 616 2298 fraudum
646 2261 837 2299 anfractus
868 2260 1050 2298 scelerata
1078 2257 1226 2308 peribit.

1110 2323 1375 2360 Buchananus.
