1743 2844
595 332 764 364 POEMA
777 333 833 362 TA
871 332 1030 364 VARJA.
1392 328 1440 372 85

794 469 839 499 V.

660 568 711 598 IN
749 567 966 598 EANDEM.

188 654 389 703 Purpureis
418 652 604 702 Cytherea
632 651 766 690 Venus
797 664 837 689 se
867 652 962 689 tollit
991 653 1039 689 ab
1064 651 1189 697 undis,

241 719 492 767 Candidaque
521 730 542 754 e
571 717 716 766 spumis
744 717 1019 766 candidiorque
1050 717 1169 754 nitet:

187 784 301 834 Ipsa¹
331 783 464 820 Venus
493 782 645 820 Venere
676 789 732 820 est
760 789 842 819 tum
870 783 950 820 visa
978 782 1172 820 venustior
1201 781 1283 831 ipsa

243 849 428 900 Surgere2
458 849 636 886 candenti
665 849 829 886 candida
857 848 943 886 diva
972 849 1075 886 mari.

1263 912 1315 950 R.
1331 912 1379 950 B.
1395 912 1446 950 K.

790 1031 853 1061 vl.

298 1132 470 1163 VENUS·
546 1131 748 1171 QUALEM
785 1130 877 1162 SIBI
916 1130 1083 1162 PINXIT
1118 1129 1339 1161 APELLES.

194 1217 239 1254 In
270 1216 432 1254 Veneris
463 1214 591 1253 tabula
622 1227 813 1252 summam
841 1215 911 1252 sibi
941 1215 1050 1264 ponit
1079 1213 1246 1263 Apelles,

247 1282 448 1332 Spumanti
478 1288 650 1318 exortam
680 1293 796 1330 quam
826 1281 896 1318 sibi
926 1280 1047 1330 pinxit
1077 1278 1188 1329 aqua,

194 1347 408 1385 Siccantem
437 1347 542 1383 viridi
571 1347 690 1384 flavos
721 1347 758 1383 in
788 1346 895 1383 litore
925 1346 1059 1390 crines,

245 1413 433 1463 Claraque
462 1413 658 1450 tollentem
688 1412 831 1450 lumina
860 1411 908 1449 ad
938 1418 1036 1449 astra
1064 1410 1154 1460 poli.

191 1479 297 1516 Talis
325 1479 404 1515 visa
432 1477 576 1523 Venus,
607 1489 687 1515 non
716 1478 778 1515 illa
805 1478 998 1515 venustior
1025 1488 1208 1526 unquam,

246 1543 408 1593 Surgere
439 1543 616 1580 candenti
646 1542 809 1580 candida
839 1542 961 1580 forma
990 1543 1112 1579 mari:

190 1609 309 1656 Quod
338 1610 368 1646 si
397 1609 498 1646 illam
528 1608 657 1646 sollers
687 1620 879 1657 nusquam
909 1608 1101 1657 posuisset
1130 1607 1312 1657 Apelles;

245 1674 375 1712 Mersa
405 1674 476 1711 sub
505 1674 705 1723 aequoreis
732 1675 818 1711 diva
846 1674 977 1711 lateret
1006 1674 1126 1724 aquis.

1266 1738 1319 1775 R.
1334 1738 1382 1774 B.
1397 1737 1449 1774 K.

234 1834 242 1850 ¹
266 1833 316 1865 Cf.
334 1834 432 1875 Prop.
450 1833 496 1864 iii.
514 1843 565 1872 23.
585 1841 601 1872 5
619 1837 651 1864 et
669 1832 740 1873 lege
753 1844 806 1863 :—

341 1892 348 1902 ‘
364 1886 430 1917 Hic
454 1886 606 1916 Phoebus
630 1885 765 1916 Phoebo
790 1885 877 1916 visus
900 1885 981 1916 mihi
1004 1884 1171 1926 pulchrior
1195 1884 1266 1925 ipso

407 1938 612 1968 Marmoreus
636 1937 735 1968 tacita
759 1947 887 1968 carmen
911 1937 1002 1968 hiare
1025 1936 1114 1976 lyra?

233 1992 244 2009 '²
268 1990 402 2032 Saepius
418 1990 535 2021 dicitur
555 2000 644 2020 mare
661 1994 668 2006 ⁶
680 1988 775 2020 undis
791 1988 976 2027 albescere,’
989 1993 1021 2020 et
1039 1993 1046 2004 ‘
1058 1988 1262 2020 incanescere
1275 1988 1298 2026 ;’
1323 1988 1379 2019 sed
1397 1998 1453 2019 cur

190 2055 255 2075 non
278 2048 309 2074 et
334 2042 480 2080 candere,
504 2041 555 2072 vel
579 2041 790 2077 candescere;
825 2041 914 2080 cujus
939 2041 1061 2072 scilicet
1084 2051 1273 2082 spumarum
1299 2040 1453 2081 splendor

192 2096 260 2127 sole
284 2094 444 2135 refulgens
468 2093 569 2135 ipsius
592 2094 676 2124 nivis
700 2093 874 2123 eandorem
898 2094 1096 2134 exsuperat?
1151 2093 1242 2124 Hinc
1269 2098 1355 2124 certe
1381 2098 1454 2123 orta

191 2152 241 2178 est
257 2147 369 2178 Venus
389 2145 574 2187 Aphrodite
597 2145 738 2176 candenti
753 2146 883 2175 candida
900 2146 972 2175 diva
989 2147 1078 2176 mari.
1125 2145 1312 2177 Versiculos
1335 2144 1396 2176 feci
1422 2145 1452 2175 in

191 2200 312 2234 littore,
329 2198 413 2229 unde
429 2198 529 2229 ‘mari
553 2208 673 2238 magno
697 2197 905 2228 turbantibus
928 2207 1070 2238 aequora
1087 2197 1207 2229 ventis’
1225 2197 1326 2229 undas
1348 2203 1452 2228 aestu-

192 2256 294 2288 antes,
320 2255 517 2291 spumantes,
540 2249 624 2281 inter
646 2260 723 2281 saxa
747 2260 780 2280 se
804 2249 997 2289 frangentes,
1021 2254 1051 2281 et
1075 2249 1153 2281 solis
1176 2250 1273 2281 radiis
1296 2251 1452 2281 candentes

193 2304 392 2346 spectabam.
440 2302 504 2334 Sed
527 2302 634 2338 maris,
658 2308 693 2333 ut
715 2302 761 2333 ita
782 2302 900 2337 dicam,
917 2307 1119 2333 venustatem
1143 2307 1175 2334 et
1198 2301 1358 2333 infinitam
1382 2301 1453 2343 pul-

192 2356 408 2387 chritudinem
425 2355 512 2386 haud
529 2355 596 2386 scio
614 2365 654 2385 an
672 2354 782 2386 Latini
800 2354 852 2385 vix
869 2354 947 2386 satis
964 2354 1119 2386 sentirent
1136 2360 1167 2387 et
1183 2354 1426 2386 admirarentur.
