1743 2844
258 305 307 339 68
618 309 666 340 M.
701 310 923 342 ANTONII
946 310 1151 342 MURETJ

837 443 936 474 XIV.

680 538 747 567 AD
783 538 1083 569 PHYLLIDEM.

257 615 391 661 Quum
421 615 596 653 ducenda
625 616 716 653 mihi
745 617 827 654 sine
856 623 892 654 te
921 623 1009 654 sunt
1037 624 1225 666 tempora,
1256 614 1388 664 Phylli,

309 681 482 730 Longior
511 687 567 718 est
596 694 699 718 anno
729 683 884 727 mensis,
916 688 953 719 et
980 683 1074 719 hora
1103 682 1175 719 die.

254 746 305 783 At
333 737 460 784 tecum
492 747 522 784 si
550 747 708 795 quando
738 747 848 784 datur
876 748 970 784 mihi
998 748 1132 794 vivere,
1162 758 1290 783 rursus

309 809 404 846 Esse
434 809 537 846 diem
567 809 692 855 credo,
725 810 788 859 qui
819 811 937 847 modo
967 811 1109 847 mensis
1138 816 1227 847 erat.

254 874 313 911 Te
344 875 424 911 sine
452 874 512 911 vel
542 873 661 911 Tauri
691 887 811 924 quum
840 875 971 913 lustrat
999 887 1146 912 cornua
1175 874 1303 919 Titan,

309 939 468 989 Semper
497 939 632 977 adesse
662 940 754 977 mihi
782 948 933 978 moesta
961 941 1109 978 videtur
1137 940 1283 990 hyems.

254 1005 305 1041 At
333 1011 460 1042 tecum
489 1005 618 1043 medio
647 1005 795 1054 gelidae
826 1007 897 1043 sub
926 1012 1098 1055 tempore
1127 1007 1284 1043 brumae

308 1070 366 1107 Ire
396 1078 527 1107 tamen
555 1071 653 1108 veris
683 1077 858 1120 tempora
886 1071 986 1109 laeta
1014 1079 1120 1121 puto.

252 1135 313 1173 Te
343 1136 423 1173 sine
453 1147 531 1172 nox
556 1135 648 1172 mihi
679 1136 731 1181 fit,
759 1137 887 1174 medio
918 1149 1036 1186 quum
1062 1136 1243 1174 Phoebus
1273 1136 1312 1172 in
1337 1147 1407 1172 axe
1438 1140 1511 1171 est:

307 1202 357 1238 At
388 1208 515 1238 tecum
544 1202 583 1238 in
612 1199 740 1239 media
769 1202 809 1239 fit
839 1202 931 1239 mihi
961 1208 1073 1239 nocte
1103 1202 1194 1239 dies.

252 1267 452 1312 Quantum
480 1267 519 1303 in
549 1279 612 1304 me
642 1267 823 1305 miserum
849 1268 942 1317 juris
972 1268 1039 1304 tibi
1069 1267 1146 1304 fata
1175 1266 1342 1305 dedere!

306 1332 418 1379 Quae
447 1332 542 1369 mihi
570 1332 627 1369 vel
657 1333 753 1370 coeli
783 1339 927 1370 vertere
954 1333 1038 1382 jura
1067 1338 1187 1381 potes.

844 1453 919 1483 XV.

696 1549 747 1579 IN
778 1548 1073 1580 APOLLINEM.

253 1630 385 1674 Quum
416 1628 588 1665 timidam
618 1628 780 1678 cupidus
808 1628 1004 1677 Daphnen
1034 1634 1253 1676 sequeretur
1283 1627 1437 1676 Apollo,

307 1691 534 1729 Currentem
564 1691 676 1729 celeri
706 1704 775 1741 per
801 1692 894 1741 juga
923 1704 1075 1729 summa
1104 1690 1213 1740 pede,

256 1757 481 1806 ‘Improbe‚’
511 1763 680 1794 narratur
709 1758 822 1795 tristis
853 1757 1004 1803 dixisse,
1036 1756 1224 1806 ‘Cupido‚

306 1823 467 1860 Incaluit
496 1829 629 1871 pectus
659 1823 766 1872 cujus
796 1823 844 1860 ab
873 1824 962 1871 igne
991 1834 1131 1866 meum,

252 1889 329 1925 Aut
358 1888 530 1926 concede
559 1894 652 1933 tuaS‚
685 1889 821 1937 quibus
850 1889 962 1925 istam
991 1899 1208 1937 persequar,
1240 1887 1330 1933 alas,

306 1955 384 1990 Aut
412 1960 475 1990 tua
504 1953 552 1990 de
581 1959 714 1991 nostro
745 1960 900 2002 pectore
931 1954 1005 1992 tela
1033 1952 1173 1991 move!

832 2073 928 2105 XVI.

589 2169 627 2199 F.
655 2168 830 2199 LACCIO
867 2168 1168 2200 CAIRIECIIIO.

254 2248 366 2285 Tune
397 2259 485 2284 mco
515 2247 611 2284 elabi
642 2248 766 2296 possis
796 2247 842 2284 de
872 2253 1038 2296 pectore,
1070 2246 1197 2292 Lacci,

306 2313 384 2350 Aut
413 2325 497 2363 ego,
529 2313 620 2350 dum
650 2313 783 2359 vivam,
813 2325 894 2351 non
922 2313 1143 2350 meminisse
1173 2312 1256 2349 tui?
