1743 2844
267 333 313 368 26
672 340 844 373 POEMA
853 341 913 372 TA
942 341 998 372 SA
1008 341 1107 373 CRA.

320 434 387 472 Ille
417 448 439 472 a
467 444 590 475 morte
620 439 789 478 animam
817 440 929 487 hanc,
960 454 983 479 a
1010 441 1105 479 tristi
1132 441 1277 479 lumina
1305 442 1406 488 fietu,

372 501 407 537 A
436 501 546 551 lapsu
575 503 748 542 infirmos
777 507 989 556 eripuitque
1018 507 1149 558 pedes.

321 564 457 603 Vivam
486 568 599 616 igitur
627 570 788 618 posthac
818 571 881 608 illo
912 572 1010 610 duce
1038 579 1075 609 et
1104 572 1259 621 auspice
1288 578 1411 609 tutus:

373 627 422 666 Et
450 641 536 667 mea
566 643 718 681 semper
746 633 816 670 erit
845 646 934 672 cura
963 635 1112 683 placere
1141 635 1238 672 Deo.

1181 700 1369 738 Muretus.

745 884 873 916 PSAL.
904 886 1046 917 CXXV.

430 994 556 1032 Sionis
585 1007 713 1032 arcem
742 1008 822 1033 non
850 996 979 1046 aquilo
1008 997 1201 1047 impotens

429 1058 532 1096 Saxo
564 1061 764 1097 sedentem
793 1068 980 1110 perpetuo
1010 1063 1143 1111 quatit,

482 1124 735 1173 Nigrantibus
764 1138 844 1164 non
872 1135 997 1165 auster
1025 1128 1094 1165 alis

536 1191 754 1229 Imbriferas
783 1192 1002 1241 glomerans
1030 1194 1228 1243 procellas.

429 1275 661 1326 Quicunque
689 1289 776 1314 vere
805 1289 914 1326 spem
942 1277 1044 1315 locat
1071 1278 1110 1314 in
1139 1278 1237 1325 Deo,

430 1340 523 1378 Non
552 1342 673 1380 hostis
702 1342 805 1380 hunc
835 1343 900 1389 vis,
930 1355 1010 1380 non
1039 1346 1182 1393 quatiet
1211 1345 1342 1383 dolus:

486 1406 524 1444 Si
553 1407 692 1445 fractus
721 1408 893 1446 illabatur
921 1410 1035 1455 orbis,

540 1472 751 1512 Incolumis
781 1474 898 1524 fugiet
927 1475 1085 1513 ruinam.

429 1559 482 1596 Ut
511 1561 700 1599 civitatem
730 1564 884 1600 moenia
912 1565 1101 1601 montium

431 1625 611 1663 Sanctam
640 1633 803 1673 tuentur,
834 1629 887 1666 sic
917 1628 1109 1667 Dominus
1139 1642 1229 1668 suos

484 1690 534 1728 Vi
563 1693 678 1741 cingit
707 1693 855 1739 arcana,
884 1707 956 1732 nec
984 1707 1157 1744 unquam

539 1758 719 1796 Praesidii
748 1761 883 1798 viduos
912 1761 1111 1811 relinquet.

431 1842 516 1880 Nec
545 1843 752 1893 impiorum
781 1853 969 1896 perpetuo
995 1848 1092 1897 jugo

433 1908 538 1946 Sinet
566 1910 717 1958 piorum
746 1913 971 1961 progeniem
1000 1915 1134 1962 premi,

486 1975 548 2012 Ne
578 1977 750 2025 turpibus
780 1979 1062 2016 contaminetur

539 2041 709 2090 Flagitiis
738 2043 927 2081 labefacta
955 2051 1138 2082 mentem.

431 2128 484 2165 Ut
514 2129 710 2168 affluenter
738 2130 797 2169 sac
825 2132 929 2169 bona
959 2133 1033 2169 sint
1060 2133 1185 2178 bonis,

433 2193 486 2230 Ut
516 2195 757 2233 continenter
785 2195 844 2233 fac
874 2197 973 2234 male
1004 2198 1050 2234 sit
1078 2198 1200 2244 malis,

486 2259 546 2296 De
576 2261 670 2298 calle
699 2273 797 2310 quos
826 2263 919 2300 recti
948 2263 1133 2301 illecebris

538 2324 723 2374 Impietas
750 2327 848 2365 male
878 2340 972 2366 sana
1000 2328 1112 2365 flexit.
