1743 2844
278 280 350 315 108
679 286 850 317 POEMA
861 286 919 317 TA
956 287 1115 318 VARIA.

273 390 426 428 Gaudia
455 390 547 427 dum
577 391 776 440 complens
804 391 1008 441 ridensque
1037 391 1258 442 parentibus
1286 390 1371 429 aula

327 456 452 493 Ludat
480 457 518 493 in
545 457 701 506 antiqua
729 459 907 507 parvulus
936 465 1023 496 ante
1052 459 1193 497 focum.

273 522 333 559 Sic
363 534 511 560 rursum
542 535 587 559 ex
617 523 717 560 binis
746 523 872 572 plures
902 524 1020 573 finget
1050 524 1143 561 deus
1172 524 1287 569 idem,

325 586 403 633 Qui
432 600 553 624 unum
582 588 793 625 conficiens
822 590 954 626 omnia
983 590 1151 638 complet
1180 588 1358 638 Hymen:

272 651 383 690 Haec
412 653 534 690 Amor
562 653 645 700 ipse
675 664 745 689 suo
775 661 975 691 conservat
1002 653 1158 692 foedera
1187 656 1299 704 signo
1315 668 1324 702 ;

327 717 442 755 Hanc
473 718 617 762 Venus,
648 725 688 754 ut
716 718 824 764 vivat,
854 719 1006 756 ventilat
1033 720 1117 768 ipsa
1145 719 1279 758 facem.

820 857 980 883 CHORUS.

272 934 414 972 Omnia
442 934 556 971 vincit
584 935 708 972 Amor
724 948 732 981 3
774 941 810 972 et
838 947 911 973 nos
940 936 1122 974 cedamus
1151 935 1310 973 Amori:

326 997 519 1035 Cedamus
548 1010 685 1035 omnes
702 1011 710 1044 ;
751 999 882 1035 omnia
912 1011 1078 1048 namque
1107 1006 1233 1048 potest
1243 1012 1253 1046 ;

272 1062 355 1100 Nec
383 1071 462 1101 tam
491 1064 620 1101 felices
648 1064 709 1101 ulli
737 1065 948 1113 junguntur
977 1077 1139 1110 amores,

325 1127 454 1174 Quam
484 1141 582 1178 quos
610 1130 708 1167 felici
737 1130 889 1168 foedere
914 1131 1041 1180 jungit
1069 1130 1239 1180 Hymen.

273 1193 415 1231 Omnia
444 1195 556 1232 vincit
584 1195 728 1242 Amor;
769 1202 805 1232 et
834 1208 904 1233 nos
934 1197 1117 1234 cedamus
1146 1196 1304 1233 Amori:

326 1259 461 1297 Omnia
488 1262 636 1310 complet
659 1261 814 1310 ωηιξη,
845 1263 964 1299 omnia
993 1263 1109 1299 vincit
1133 1261 1260 1298 Amor.

1337 1325 1387 1362 R.
1405 1325 1455 1362 B.
1472 1323 1523 1362 K.

821 1504 973 1536 XXVII.

574 1620 625 1650 IN
659 1619 888 1651 PUELLAM
926 1620 1205 1652 INFELICEM.

425 1719 550 1757 When
579 1720 701 1770 lovely
731 1733 883 1758 woman
912 1728 1046 1770 stoops
1076 1728 1115 1759 to
1149 1721 1250 1770 folly,

479 1786 569 1823 And
598 1787 696 1824 finds
726 1793 792 1824 too
822 1788 895 1824 late
924 1787 1003 1824 that
1031 1800 1120 1825 men
1150 1788 1292 1837 betray,

424 1851 539 1889 What
569 1852 698 1890 charm
727 1865 800 1890 can
830 1853 943 1890 sooth
972 1853 1039 1890 her
1068 1853 1337 1902 melancholy?

477 1917 594 1955 What
622 1924 678 1955 art
707 1930 777 1955 can
806 1918 908 1956 wash
937 1918 1004 1956 her
1031 1919 1125 1967 gunt
1153 1920 1282 1968 away?

423 2027 511 2065 The
540 2028 631 2078 only
659 2036 715 2067 art
743 2029 809 2067 her
836 2031 929 2079 guilt
958 2037 997 2068 to
1026 2043 1149 2076 cover,

476 2093 539 2131 To
568 2094 657 2131 hide
685 2094 752 2132 her
781 2095 912 2133 shame
941 2095 1038 2133 from
1068 2108 1178 2145 every
1206 2108 1287 2146 eye,

423 2159 486 2196 To
515 2160 599 2208 give
629 2167 860 2210 repentance
889 2168 928 2199 to
957 2161 1024 2199 her
1052 2161 1164 2208 lover,

472 2224 562 2262 And
591 2226 710 2275 wring
739 2226 797 2264 his
826 2227 1052 2265 bosom—is
1081 2234 1120 2266 to
1151 2227 1221 2266 die.

1233 2291 1449 2330 Goldsmz'tlz.
