1743 2844
654 380 888 412 CANTATE
915 379 1124 411 DOMINO.
1470 388 1516 421 49

428 488 510 525 Lux
541 494 627 537 post
657 486 795 524 Christi
825 485 972 522 obitum
1003 484 1110 521 tertia
1139 490 1303 528 venerat,

428 554 558 600 Quum
589 563 676 601 spes
707 557 849 595 sancta,
879 561 1086 598 moraeque
1116 549 1318 598 impatiens
1349 561 1457 586 amor

428 618 626 656 Matronas
656 616 763 665 parili
793 615 949 653 nomine
979 614 1128 652 nobiles

537 682 572 719 V
576 682 754 720 isendum
783 681 831 718 ad
861 680 1047 718 tumulum
1077 687 1199 718 vocat.

427 770 529 808 Tum
559 777 707 807 motum
737 769 916 818 lapidem,
946 776 1025 806 tum
1055 768 1171 817 lapidi
1200 768 1331 805 vident

428 837 608 874 Innixum
638 836 756 874 niveis
786 836 953 873 vestibus
983 834 1177 884 Angelum
1194 848 1203 880 ;

428 902 517 948 Qui,
547 913 625 951 quo
655 901 824 939 sollicitis
854 900 1036 938 eximeret
1065 907 1222 945 metum,

535 967 663 1005 Pauca
690 973 727 1004 et
755 974 856 1004 certa
885 966 1063 1016 loquutus
1091 971 1175 1003 est:

432 1054 524 1092 Non
552 1055 626 1092 hoc
655 1055 818 1104 amplius
848 1060 916 1100 est,
947 1066 1063 1103 quem
1094 1054 1231 1102 petitis,
1262 1053 1362 1097 loco,

431 1119 477 1157 In
506 1120 620 1157 vitam
649 1120 757 1156 rediit
786 1118 958 1157 Christus
989 1119 1036 1155 ab
1067 1118 1209 1155 inseris.

432 1185 502 1240 Ite,
533 1192 569 1222 et
600 1185 794 1234 discipulis
822 1185 916 1222 haec
946 1185 1083 1222 eadem
1113 1184 1201 1221 date

537 1251 685 1289 Summi
714 1251 845 1289 nuntia
873 1251 1012 1301 gaudii.

429 1339 598 1388 Simplex
629 1346 699 1378 etc.

1251 1391 1361 1430 Idem.

626 1520 677 1550 IN
715 1520 799 1550 DIE
834 1521 1162 1553 ASCENSIONIS.

430 1617 563 1654 Victae
592 1618 631 1654 in
660 1624 888 1667 perpetuum
917 1618 1052 1655 mortis
1081 1624 1118 1655 et
1146 1615 1309 1654 inferum

428 1682 595 1732 Insignis
625 1683 767 1732 spoliis,
796 1683 880 1721 luce
909 1683 1034 1721 nitens
1063 1682 1174 1729 nov-3,

428 1748 654 1797 Primusque
682 1749 876 1786 insolitum
907 1748 1082 1786 Christus
1112 1749 1180 1797 iter
1211 1759 1360 1792 secans,

533 1814 654 1852 Arces
682 1814 721 1851 in
750 1815 890 1864 patrias
919 1815 1026 1852 redit.

428 1902 550 1940 Natus
579 1903 686 1940 nasci
714 1903 851 1940 iterum
881 1915 953 1941 nos
983 1914 1139 1953 quoque
1168 1902 1259 1939 dum
1291 1902 1404 1950 cupit,

429 1967 592 2012 Mundo,
623 1974 797 2005 mortuus
827 1974 896 2014 est,
926 1979 1000 2005 nos
1029 1968 1192 2016 cupiens
1221 1967 1332 2012 mori,

429 2033 596 2082 Surgens
626 2039 663 2070 et
690 2039 865 2082 repetens
894 2033 1057 2079 aethera,
1087 2044 1159 2070 nos
1189 2043 1344 2081 quoque

533 2097 586 2135 Ut
615 2098 808 2148 possimus
838 2099 953 2145 idem,
983 2098 1098 2136 dedit.

428 2185 581 2224 Christo
610 2199 714 2224 nunc
742 2187 855 2236 igitur
883 2187 1006 2224 vivere
1036 2198 1109 2225 nos
1138 2186 1259 2231 decet,

426 2251 479 2289 Ut
510 2251 663 2290 Christo
693 2253 831 2301 pariter
860 2253 969 2290 detur
997 2253 1169 2290 inemori.

429 2318 637 2367 Surgentes
667 2318 804 2356 eadem
834 2330 905 2356 nos
934 2331 1088 2369 quoque
1117 2318 1239 2367 gloria

533 2383 635 2422 Puro
664 2384 807 2422 lumine
837 2384 980 2423 vestiet.

878 2463 902 2488 E
