1743 2844
610 279 783 312 POEMA
792 279 852 310 TA
891 278 1036 309 VARIA
1045 302 1052 309 .

205 386 286 423 Stat
315 385 451 423 dubius
481 385 541 423 cui
571 396 611 422 se
639 385 735 434 parti
765 383 953 422 concedat
982 381 1182 431 Olympus,

258 452 306 489 Et
334 451 468 489 metuit
496 462 650 501 pugnae
679 461 759 487 non
789 460 991 498 superesse
1020 460 1122 485 suae.

203 519 255 554 At
285 517 396 554 simul
425 517 464 554 in
492 515 609 553 coelis
638 515 806 552 Messiae
835 514 1000 562 insignia
1030 512 1187 561 fulgent,

255 582 305 620 Et
333 594 465 619 currus
493 581 652 626 animes,
682 591 864 628 armaque
893 578 1011 628 digna
1040 578 1137 625 Deo,

204 646 529 695 Horrendumque
558 651 662 682 rotae
693 644 863 690 strident,
893 650 931 682 et
960 656 1073 682 saeva
1101 651 1267 681 rotarum

256 713 473 761 Erumpunt
502 711 617 748 torvis
648 710 794 760 fulgura
823 710 1040 755 luminibus,

200 779 247 816 Et
278 779 455 815 flammae
485 777 644 821 vibrant,
674 783 712 813 et
740 788 828 814 vera
855 776 1021 813 tonitrua
1049 788 1165 813 rauco

253 843 438 882 Admistis
468 842 632 880 flammis
663 842 868 880 insonuere
897 841 988 891 polo
1004 855 1013 888 ;

199 910 350 948 Excidit
380 908 547 946 attonitis
575 920 685 945 mens
714 908 851 953 omnis,
882 914 918 944 et
948 907 1113 957 impetus
1143 908 1280 951 omnis,

253 975 302 1013 Et
331 975 448 1012 cassis
477 974 619 1011 dextris
647 974 749 1011 irrita
777 974 851 1012 tela
880 974 1032 1011 cadunt.

198 1041 262 1079 Ad
290 1051 437 1090 poenas
466 1039 638 1088 fugiunt;
677 1046 724 1085 et,
756 1052 827 1077 ceu
857 1039 951 1077 foret
981 1039 1107 1077 Orcus
1136 1039 1295 1089 asylum,

252 1106 416 1143 Infernis
445 1112 591 1143 certant
619 1105 785 1143 condere
816 1118 856 1143 se
885 1106 1062 1143 tenebris.

200 1172 343 1214 Cedite‚
375 1171 544 1208 Romani
573 1171 788 1220 scriptores,
819 1172 942 1209 cedite
973 1170 1100 1217 Graii;

255 1238 304 1275 Et
333 1248 430 1287 quos
461 1236 563 1274 fama
592 1248 729 1274 recens
758 1237 816 1274 vel
846 1237 1051 1275 celebravit
1080 1249 1187 1274 anus.

200 1303 310 1341 Haec
339 1303 556 1352 quicunque
584 1302 685 1352 leget
712 1309 861 1339 tanturn
891 1303 1076 1341 cecinisse
1105 1303 1252 1353 putabit

255 1368 506 1406 Maeonidem
536 1379 660 1413 ranas,
691 1367 894 1417 Virgilium
924 1368 1077 1407 culices.

1168 1433 1348 1471 Barrow.

1385 287 1456 323 103
