1743 2844
620 326 790 358 POEMA
800 326 832 357 T
827 326 858 356 Α
896 326 953 356 VA
959 325 1054 356 RJA.
1391 332 1403 354 1
1413 331 1456 355 01

784 500 881 532 XXI.

243 615 308 645 ΑΙ)
345 613 599 645 OLIVERUM
637 612 759 644 REIP.
798 612 912 643 ANG.
952 611 1081 643 SCOT.
1122 611 1182 641 ET
1220 611 1418 642 HIBERN.

507 690 746 721 DOMINUM
786 690 1154 721 PROTECTOREM.

203 787 281 824 Pax
310 788 406 837 regit
436 786 608 836 Augusti,
640 798 756 835 quem
785 786 872 824 vicit
900 786 1034 836 Julius,
1063 786 1222 823 orbem:

257 853 324 890 Ille
353 864 448 901 sago
478 851 601 889 factus
631 852 778 897 clarior,
808 851 869 889 ille
899 851 1003 900 toga.

203 918 290 955 Hos
320 929 389 955 sua
417 917 547 954 Roma
576 923 687 955 vocat
717 929 893 966 magnos,
924 923 961 954 et
990 916 1149 954 numina
1179 917 1322 954 credit:

255 984 332 1021 Hic
362 984 468 1033 quod
497 984 544 1021 sit
572 982 706 1020 mundi
736 983 865 1029 victor,
896 989 933 1020 et
961 982 1021 1019 ille
1051 982 1168 1032 quies.

200 1049 262 1086 Tu
291 1049 434 1087 bellum
464 1055 500 1086 et
529 1061 666 1099 pacem
696 1048 848 1098 populis
877 1047 956 1093 das,
986 1059 1086 1085 unus
1115 1047 1284 1097 utrisque

254 1115 381 1164 Major
411 1127 475 1153 es:
515 1115 597 1165 ipse
627 1114 761 1152 orbern
791 1114 922 1160 vincis,
953 1120 989 1151 et
1019 1113 1100 1163 ipse
1130 1114 1242 1163 regis.

200 1180 291 1217 Non
320 1181 518 1218 hominem
549 1193 569 1217 e
600 1180 710 1218 coelo
740 1180 900 1217 missum
930 1186 967 1216 te
997 1178 1212 1225 credimus;
1245 1191 1345 1216 unus

255 1246 314 1283 Sic
345 1253 498 1295 poteras
528 1246 642 1284 binos
673 1246 737 1295 qui
768 1256 947 1294 superare
977 1243 1091 1281 deos!

752 1309 789 1357 s.
821 1309 937 1347 Locke
964 1322 1014 1347 ex
1044 1309 1140 1346 Aede
1168 1308 1252 1355 Xlz‘,
1287 1311 1400 1359 1654.

764 1477 885 1509 XXII.

639 1590 689 1620 IN
728 1589 1006 1620 MILTONUM.

194 1683 355 1730 Caecus,
384 1685 510 1734 inops,
539 1685 762 1734 patriaeque
792 1691 986 1734 superstes
1015 1692 1190 1734 tempore
1219 1686 1362 1735 iniquo,

248 1749 443 1796 Miltonus,
473 1761 660 1798 magnum
690 1750 845 1787 sedulus
873 1756 984 1799 urget
1013 1762 1124 1799 opus.

193 1814 436 1864 Degenerem
466 1821 631 1852 aetatem
659 1815 810 1864 placide
839 1816 1051 1852 contemnit
1081 1823 1118 1853 et
1147 1816 1265 1854 altum

247 1880 370 1930 Supra
399 1879 576 1917 fortunae
604 1892 766 1917 munera
794 1880 892 1917 radit
921 1880 1002 1918 iter.

193 1945 283 1983 Nox
313 1945 446 1983 oculos
474 1945 561 1983 licet
589 1944 742 1983 aeterna
772 1945 934 1995 caligine
962 1947 1176 1994 obumbret,

244 2011 532 2060 Paupertasque
560 2011 665 2059 gravi
694 2018 805 2048 vexet
833 2012 972 2050 acerba
1000 2025 1130 2060 manu,

190 2076 282 2114 Non
310 2077 438 2114 minus
467 2082 656 2114 arrectum
686 2076 824 2122 studio,
853 2077 1128 2128 ardentemque
1158 2079 1283 2118 furore

242 2141 314 2179 Per
344 2153 451 2179 sacra
479 2141 679 2179 Musarum
709 2142 818 2180 devia
845 2150 970 2192 raptat
998 2156 1117 2183 amor.

188 2206 305 2245 Mens
335 2219 380 2244 ea
410 2219 508 2257 quae
538 2207 677 2245 Mundi
706 2207 801 2246 fines
829 2217 1068 2257 processerat
1097 2218 1215 2259 extra,

241 2272 333 2311 Non
362 2279 441 2310 erat
471 2273 648 2312 humanis
679 2273 913 2312 debilitanda
941 2276 1062 2314 malis.

799 2341 985 2390 Welleslqy,
1013 2341 1125 2380 Anno
1153 2343 1296 2381 Aetatis
1328 2357 1387 2381 20.
