1743 2844
272 321 284 343 1
298 319 311 344 Ι
321 309 342 344 6
673 313 843 344 POEMA
854 313 911 344 TA
950 313 1107 344 VARJA.

264 418 481 468 Anglorum
511 418 665 468 Regum
695 426 853 457 ventura
881 419 921 456 in
949 418 1085 464 saecla,
1116 416 1258 455 Beatos

264 485 379 530 Inter,
408 497 476 522 ave
507 485 640 522 Pater!
683 497 730 522 en
759 490 796 522 te
825 485 942 522 hodie
971 485 1146 534 lugemus
1176 490 1354 529 ovantes;

263 550 322 588 Te
352 551 449 599 grati
479 550 935 598 Auctorem—lacrymis
967 550 1054 588 Tua
1082 550 1196 587 Festa
1225 551 1424 587 notamus!

261 649 393 687 Tuum
423 650 515 687 olim
543 656 622 686 erat
651 649 757 699 quod
787 649 901 686 Orbis
930 648 990 686 hic
1021 649 1307 698 complectitur!

261 711 322 749 Te
351 724 441 749 nam
468 712 626 761 jubente
656 712 752 749 haec
782 724 880 760 quae
910 712 1032 749 nitent
1061 711 1205 749 Palatia

261 777 486 816 Laboriosis
516 778 694 815 exstitere
725 777 888 823 fabricis,

259 844 432 893 Alaeque
463 856 597 881 scenas
626 844 723 880 inter
752 844 825 880 en!
865 842 1120 892 amplissimas

260 908 337 946 Hic
368 910 455 947 inde
485 909 619 946 formis
650 909 814 947 edocent
844 909 1044 947 rarissimis

260 974 531 1024 Quodcunque
561 981 696 1020 textor,
727 981 792 1011 aut
822 982 949 1012 arator
979 974 1158 1024 postulet,

259 1040 531 1089 Quodcunque
561 1046 681 1077 terrae
713 1040 804 1077 dura
835 1039 994 1077 fundant
1024 1042 1178 1087 viscera,

257 1104 546 1154 Chalybemque
576 1112 611 1142 et
641 1118 786 1151 aurum,
816 1117 992 1154 quosque
1022 1105 1092 1143 fert
1122 1106 1263 1144 fructus
1294 1106 1444 1144 solum:

259 1170 298 1207 Si
328 1171 419 1220 quid
448 1171 572 1220 magis
603 1171 748 1217 subtile,
779 1171 872 1220 quid
901 1172 1105 1217 robustius,

257 1235 433 1285 Usquam
463 1237 533 1273 sub
563 1249 633 1273 axe
663 1237 720 1274 sol
749 1243 910 1286 utroque
941 1237 1150 1283 conditum,

258 1301 370 1348 Quae
400 1302 495 1338 mira
524 1314 696 1350 surgens,
727 1313 903 1351 quaeque
933 1302 1056 1339 videat
1085 1302 1345 1347 occidens;—

257 1366 296 1403 Si
326 1366 417 1416 quid
446 1367 609 1404 decorae
640 1367 765 1404 forma
794 1366 1096 1417 pulchritudinis,

256 1434 396 1471 Divina
426 1435 455 1471 si
486 1435 578 1484 quid
607 1447 666 1472 ars
696 1434 825 1472 colore
854 1440 1064 1483 temperet;

256 1499 367 1538 Haec
398 1507 536 1538 cuncta
565 1501 678 1538 nobis
707 1501 791 1538 usui
821 1500 1075 1549 pulcherrima

256 1565 381 1603 Unius
412 1565 526 1603 Orbis
555 1565 628 1603 huc
659 1571 793 1603 coacta
822 1578 982 1602 munera

255 1633 462 1670 Testantur
491 1633 574 1681 ipsa
604 1632 739 1677 sidera,
769 1632 852 1680 ipsa
881 1643 1153 1668 marmora:—

256 1698 428 1747 Bellique
457 1698 566 1749 (nam
595 1697 665 1734 fert
694 1698 769 1734 vita
798 1698 941 1735 luctum
971 1694 1149 1746 gaudiis),

255 1765 468 1803 Tormenta
497 1763 624 1812 posita
652 1763 760 1812 pacis
790 1763 888 1800 inter
916 1762 1138 1799 machinas!

473 1868 621 1905 Metam
652 1868 779 1905 videre
809 1881 858 1905 an
888 1880 968 1905 non
1000 1868 1133 1905 datur?

470 1934 556 1972 Ah!
597 1946 710 1983 quarn
741 1933 875 1983 procul
905 1933 989 1982 quis
1018 1934 1098 1982 quit
1126 1932 1258 1982 loqui?

474 2002 527 2037 At
557 2000 793 2037 somniemus
822 1998 895 2036 hac
927 1999 1012 2036 die!

254 2107 336 2143 Vos
366 2106 430 2154 qui
460 2105 620 2142 consilio
651 2116 831 2153 proceres
860 2109 1032 2152 regnate,
1063 2102 1206 2139 Labori

255 2172 432 2208 Luctanti
462 2171 619 2208 tandem
644 2171 724 2219 jain
754 2176 935 2218 postuma
965 2168 1097 2205 solvite
1127 2167 1278 2204 vincla:

253 2237 471 2274 Mercatura
501 2247 632 2272 comes
662 2235 772 2272 Pacis
801 2240 971 2283 pennata
1000 2245 1068 2282 per
1098 2233 1234 2270 orbem

253 2303 352 2340 Alba
381 2302 480 2339 viam
510 2301 632 2352 rapiat
662 2300 823 2337 Phoebo
854 2300 924 2336 sub
953 2305 1115 2348 utroque
1146 2299 1320 2336 beatam:
