1743 2844
247 328 294 373 78
608 333 658 363 M.
691 332 914 364 ANTONH
936 332 1143 364 MURETJ

244 436 404 481 Miraris,
437 435 689 485 dubitasque?
729 436 858 473 audito
889 436 1044 474 nomine
1075 436 1219 474 credes.

299 501 392 538 Sum
423 501 607 550 Raphael‚
637 500 698 538 hei
727 501 792 545 mi,
826 502 918 551 quid
947 502 1112 551 loquor?
1151 501 1276 539 Ecce!
1318 501 1380 538 fui.

242 565 292 602 Et
321 573 450 603 tamen
478 566 537 603 his
567 566 687 612 dictis,
719 567 810 615 quid
839 579 936 615 opus
966 566 1035 603 fuit
1064 566 1204 604 addere
1234 567 1405 604 nomen?

297 629 529 666 Alterutrum
559 617 706 678 poterat
736 629 888 666 cuilibet
917 642 1000 667 esse
1031 630 1131 666 satis.

210 727 211 730 ,
242 694 345 732 Nam
374 707 460 731 mea
489 702 526 730 et
556 694 684 730 audito
714 702 771 731 est
800 695 999 731 notissima
1028 695 1185 731 nomine
1215 694 1340 739 virtus,

296 759 344 796 Et
373 766 562 808 praestare
591 759 714 795 vicem
744 759 912 795 nominis
941 760 1024 808 ipsa
1051 766 1189 808 potest.

826 891 920 921 XLI.

314 981 580 1012 AMICORUM
618 981 704 1011 EST
740 981 864 1012 IDEM
901 981 1090 1012 SEMPER
1127 981 1334 1013 SENTIRE
1371 981 1431 1012 ET

541 1059 777 1090 STUDERE.
844 1059 1199 1090 FRAGMENTUM.

242 1133 391 1177 Nescis,
422 1145 499 1181 quo
528 1133 715 1169 humanas
745 1133 984 1182 conjungant
1012 1133 1167 1170 foedere
1196 1138 1344 1170 mentes

298 1198 418 1247 Ignea
447 1210 544 1247 quae
576 1199 720 1246 superis
750 1199 904 1235 sedibus
933 1205 1034 1235 astra
1062 1198 1217 1235 micant.

241 1264 337 1300 Inde
368 1264 419 1308 fit,
449 1270 490 1300 ut
519 1264 645 1300 studio
675 1264 893 1313 quicunque
923 1269 1099 1300 tenentur
1128 1263 1279 1308 eodem,

294 1330 453 1366 Illorum
482 1329 617 1366 tacitus
645 1336 804 1378 pectora
832 1335 959 1366 nectat
987 1340 1107 1366 amor.

242 1395 318 1441 Qui
349 1394 468 1443 fragili
498 1394 639 1443 gaudet
666 1394 803 1432 fluctus
833 1394 979 1447 sulcare
1010 1392 1149 1438 carina,

296 1460 482 1510 Ejusdem
513 1459 639 1496 socios
669 1459 898 1496 conditionis
928 1465 1040 1496 amat.

240 1525 369 1562 Durus
397 1525 478 1573 agri
509 1525 628 1561 cultor
656 1524 822 1572 reliquos
853 1525 942 1561 colit
973 1536 1058 1561 arva
1088 1524 1269 1569 colenteS‚

295 1591 491 1639 Armaque
521 1590 702 1635 tractanti,
733 1590 796 1638 qui
828 1590 912 1626 terit
941 1602 1056 1635 arma,
1088 1589 1196 1626 favet.

241 1656 351 1693 Haec
380 1656 436 1692 vis
465 1654 704 1691 Parrhasium
738 1666 882 1703 magno
912 1654 1112 1703 conjunxit
1140 1654 1276 1702 Apelli,

296 1720 408 1758 Haec
437 1720 572 1758 eadem
603 1720 713 1758 celeri
742 1720 948 1756 Patroclon
977 1719 1178 1756 Aeacidae.

240 1786 438 1833 Quidnam
467 1792 557 1831 erat,
587 1785 764 1834 Aegiden
793 1784 947 1835 Jocasta
975 1791 1016 1822 ut
1044 1791 1155 1822 natus
1182 1790 1336 1829 amaret,

294 1851 344 1888 Ni
374 1851 479 1900 quod
508 1857 545 1887 et
572 1851 633 1887 hic
665 1850 765 1887 bello
795 1850 913 1895 fortis,
944 1856 980 1886 et
1008 1850 1068 1886 ille
1098 1849 1195 1887 fuit?

241 1916 326 1954 Nos
356 1928 510 1966 quoque
539 1917 603 1965 qui
634 1916 794 1953 colimus
824 1915 928 1952 divas
958 1913 1148 1951 Helicone
1176 1920 1383 1959 morantes,

295 1979 419 2029 Capta
448 1979 528 2027 pari
558 1978 683 2016 studio
711 1984 869 2028 pectora
898 1989 1026 2015 amare
1056 1978 1175 2015 decet.

812 2110 928 2141 XLII.

424 2198 679 2229 STEPHANO
714 2198 890 2239 ALISIO,
929 2196 1308 2229 BURDIGALENSI.

239 2271 275 2309 Si
305 2282 391 2307 mea
421 2283 460 2308 se
492 2270 620 2309 faciles
649 2271 822 2308 dederint
850 2271 889 2307 in
920 2276 1007 2307 vota
1040 2270 1274 2314 Camoenae,

292 2335 345 2373 Ut
373 2348 440 2385 per
469 2336 577 2386 plura
605 2348 735 2373 meum
764 2335 915 2373 saecula
944 2346 1098 2372 carmen
1127 2340 1199 2379 eat,
