1743 2844
234 753 445 807 MARCI
481 752 768 806 ANTONII
804 748 1082 804 MURETI
1120 742 1449 798 EPIGRAM-

588 856 762 907 MATA
799 853 1086 906 SELECTA.

772 1016 918 1029 *ψ-

829 1156 855 1187 1.

487 1272 626 1312 JULIO
664 1270 868 1303 CAESARI
907 1270 1158 1301 SCALIGL‘R(
1169 1274 1188 1300 ).

212 1376 257 1414 ΙΝ
287 1383 420 1412 tenues
450 1385 642 1419 numeros,
672 1373 783 1423 primi
814 1379 1066 1410 monumenta
1095 1372 1241 1417 furoris,

268 1441 358 1487 Quo
388 1453 476 1478 mea
504 1452 585 1478 non
614 1440 775 1488 simplex
805 1439 922 1476 corda
952 1439 1101 1488 subegit
1131 1440 1263 1483 Amor,

213 1506 345 1556 Dirige
376 1506 511 1544 siderei
541 1506 724 1543 radiantia
754 1506 899 1541 lumina
928 1505 1060 1550 vultus,

269 1572 421 1617 Caesar,
453 1579 489 1609 et
519 1571 613 1608 haec
642 1572 719 1608 nati
749 1571 893 1608 ludicra
922 1582 1041 1608 nosce
1072 1570 1136 1607 tui.

214 1637 302 1674 Neu
332 1637 460 1686 pigeat
489 1636 622 1673 studiis
651 1635 796 1685 aliquot
824 1636 1061 1684 gravioribus
1091 1636 1205 1673 horas

268 1701 517 1739 Subtrahere:
557 1701 747 1738 interdum
777 1701 950 1738 deserere
980 1701 1041 1739 illa
1070 1701 1152 1738 leve
1182 1707 1250 1738 est.

214 1767 367 1817 Nempe
397 1767 539 1804 dueum
568 1767 672 1804 haud
702 1767 919 1816 quisquam,
951 1767 1038 1805 licet
1067 1766 1319 1816 imperterrita
1351 1770 1476 1814 gestet

269 1833 398 1872 Corda
428 1832 544 1878 ferox,
575 1832 726 1881 gladios
756 1845 909 1882 semper
939 1841 974 1870 et
1005 1845 1109 1870 arma
1137 1833 1231 1870 terit.

215 1899 293 1945 Qui
322 1898 488 1954 popuios
515 1899 709 1947 jussisque
738 1906 887 1947 regunt,
918 1906 1090 1948 nutuque
1121 1904 1313 1942 coercent,

269 1964 319 2001 Et
348 1964 511 2001 retinent
540 1963 625 2001 forti
655 1963 760 2013 regia
789 1971 939 2013 sceptra
968 1976 1098 2008 manu,

216 2028 308 2066 Non
337 2036 500 2066 renuunt
530 2029 680 2066 animos
710 2041 835 2066 rerum
865 2028 1130 2066 moderamine
1160 2040 1314 2077 pressos

270 2093 469 2130 Interdum
498 2094 638 2132 teneris
667 2094 875 2131 exhilarare
901 2094 1024 2143 jocis:

216 2158 339 2208 Saepe
369 2160 482 2197 etiam
511 2160 606 2197 vasti
637 2159 754 2197 Mens
785 2160 899 2197 unica
927 2159 1075 2209 Jupiter
1104 2160 1207 2196 orbis

271 2224 440 2263 Flectere
470 2238 510 2263 se
540 2238 563 2263 a
591 2227 743 2275 magnis
772 2226 822 2263 ad
851 2225 991 2263 leviora
1019 2225 1124 2263 solet.

219 2289 427 2340 Insequere
458 2291 679 2342 exemplum
708 2303 932 2341 regumque,
962 2291 1193 2339 ducumque,
1222 2289 1385 2338 Deique,

273 2354 363 2393 Dux
394 2356 498 2403 olim,
527 2364 563 2394 et
592 2357 793 2406 princeps:
842 2369 944 2394 nunc
974 2355 1066 2393 mihi
1095 2368 1195 2406 pene
1224 2355 1343 2393 Deus.
