1743 2844
614 324 784 356 POEMA
796 325 853 355 TA
890 325 1052 356 VARJA.

209 428 371 466 Vincere
402 435 509 466 erant
538 441 674 466 omnes
705 428 854 477 dignae,
882 427 1078 478 judexque
1108 435 1265 473 veretur,

262 495 363 532 Inter
391 501 469 532 tam
498 494 671 544 pulchras
701 495 837 531 arbiter
865 506 949 532 esse
978 494 1080 531 deas.

208 615 291 652 En!
330 615 452 665 prodit
481 616 611 665 regina
640 616 766 660 deum,
798 615 972 652 Saturnia
999 614 1114 665 Juno,

260 681 316 719 Ac
345 681 446 719 vultu
475 688 512 719 et
539 693 672 730 gressu
703 681 978 731 conspicienda
1006 680 1097 717 suit:

206 745 320 784 Flava
348 758 460 784 coma
489 753 556 791 est,
586 747 842 797 gravibusque
872 746 1004 792 oculis,
1034 753 1070 784 et
1098 747 1269 784 maxima
1297 753 1379 785 toto

258 811 442 860 Corpore,
467 818 504 849 et
532 812 674 849 incedit
702 812 760 849 vel
789 812 884 861 Jove
914 812 1032 860 digna
1060 824 1179 849 soror.

206 876 419 926 Insequitur
447 877 580 926 positis
609 877 733 915 Pallas
762 876 995 927 fulgentibus
1025 878 1139 915 armis
1155 891 1164 924 ;

256 942 383 992 Atque
413 942 463 980 ita
491 955 593 980 nunc
623 943 702 980 fieri
733 943 874 980 Bellica
901 943 999 980 bella
1027 943 1126 980 velit.

203 1008 320 1045 Arma
349 1019 498 1057 gerens,
528 1007 624 1054 Pari,
654 1008 752 1045 bella
781 1014 899 1057 gerat,
930 1020 1034 1045 nunc
1063 1008 1162 1045 bella
1192 1008 1318 1057 puella

258 1073 371 1111 Venit
399 1074 438 1110 in
467 1073 661 1111 arbitrium
690 1073 793 1111 nuda
823 1073 996 1111 Minerva
1023 1080 1142 1111 tuum.

203 1195 394 1233 Omnibus
422 1208 498 1233 una
527 1208 663 1234 omnes
693 1196 762 1234 sed
791 1197 893 1233 enim
922 1197 1044 1245 magis
1073 1209 1194 1246 usque
1224 1198 1373 1246 lepores

256 1261 304 1298 Et
333 1273 489 1299 veneres
518 1262 596 1299 visa
625 1267 682 1299 est
717 1262 939 1311 surripuisse
974 1261 1134 1311 Cypris;

202 1326 442 1376 Emicuitque
471 1327 562 1365 deas
590 1328 686 1365 inter
715 1327 848 1365 Venus
878 1339 991 1364 aurea
1019 1334 1205 1377 quantum

255 1393 412 1430 Astrum
440 1393 536 1430 inter
565 1393 691 1430 stellas
721 1393 858 1430 emicat
887 1392 1075 1430 Idalium:

202 1458 375 1507 Spirabat
404 1471 483 1496 non
512 1459 574 1496 illa
603 1459 775 1496 Arabum
805 1458 852 1496 de
881 1459 1052 1507 gramine
1082 1459 1231 1504 odores,

256 1523 330 1561 Sed
359 1535 458 1573 quos
485 1524 569 1573 ipsa
598 1535 668 1561 suo
697 1523 828 1561 detulit
856 1523 1012 1572 Elysio:

200 1589 309 1634 Risit,
338 1595 375 1626 et
404 1589 542 1627 arridet
569 1595 650 1627 toto
680 1601 781 1627 nova
808 1589 928 1638 gratia
957 1588 1072 1634 vultu,

253 1653 306 1691 Ut
334 1654 442 1692 facile
471 1667 661 1704 agnoscas
689 1654 793 1692 unde
823 1655 870 1692 sit
899 1661 1003 1692 ortus
1031 1654 1176 1692 Amor:

200 1720 320 1757 Dulce
351 1720 576 1758 renidebant
605 1720 705 1759 oculi
734 1721 804 1758 sub
833 1719 957 1757 fronte
986 1719 1133 1766 serena,

252 1785 347 1823 Visa
376 1798 446 1824 nec
476 1792 533 1823 est
560 1798 730 1835 unquam
759 1785 951 1835 pulchrior
980 1785 1062 1834 ipsa
1090 1785 1247 1823 Venus:

198 1852 362 1888 Lumina
390 1857 468 1888 tarn
497 1851 627 1889 dulces
656 1851 868 1888 referebant
897 1850 1047 1900 paetula
1075 1862 1238 1897 amores,

251 1917 415 1955 Lumina
443 1916 648 1954 luminibus
677 1916 860 1953 lucidiora
888 1916 977 1964 poli.

197 1983 367 2029 Erubuit,
398 1982 496 2020 velut
525 1982 610 2019 alba
639 1982 775 2019 rubent
804 1982 868 2019 ubi
897 1981 972 2018 lilia
1000 1980 1119 2018 multa

250 2047 372 2085 Mixta
401 2046 498 2093 rosa,
527 2053 590 2084 aut
616 2047 764 2096 tinguat
791 2047 934 2084 murice
963 2047 992 2083 si
1022 2047 1107 2096 quis
1136 2046 1252 2084 ebur:

198 2112 374 2151 Candida
403 2113 456 2151 sic
486 2124 597 2150 roseo
627 2112 827 2150 sublucent
855 2124 924 2149 ora
952 2113 1102 2157 rubore,

252 2179 377 2216 Inficit
405 2185 442 2216 et
471 2185 619 2216 teneras
648 2190 817 2227 purpura
846 2177 945 2215 clara
974 2189 1117 2226 genas:

198 2246 322 2293 Quale
353 2245 565 2283 coloratum
595 2244 755 2281 Tithoni
785 2244 950 2293 conjuge
980 2243 1142 2290 coelum,

253 2311 441 2349 Puniceus
470 2310 581 2348 niveo
611 2310 791 2349 subrubet
820 2321 885 2347 ore
915 2309 1025 2347 nitor.
