1743 2844
272 319 320 354 34
678 311 850 342 POEMA
861 311 918 341 TA
949 311 1005 342 SA
1014 311 1116 342 CRA.

269 416 424 464 Totque
454 416 551 452 inter
580 415 719 452 decora
747 421 783 451 et
811 414 966 452 laudum
995 415 1211 464 praeconia,
1243 415 1346 452 nullo

431 481 649 518 Emoritura
676 481 750 527 die,

485 547 549 584 Nil
579 548 713 584 clarius
743 546 954 584 clementia.

267 612 384 661 Ergo,
415 613 558 649 Parens
586 624 724 656 rerum,
755 612 939 649 stellantis
967 611 1147 648 machina
1176 611 1278 648 coeli

430 677 580 715 Cuncta
609 689 680 714 suo
710 678 857 726 gremio

485 743 700 792 Complexa
729 742 922 792 praedicat
950 748 1057 778 tuum

268 809 428 847 Robur:
468 816 504 846 et
532 809 663 846 intacti
694 808 880 845 scelerum
909 814 1074 856 contage
1104 806 1271 844 nefanda

429 876 489 913 Te
519 875 713 913 celebrant
743 875 897 919 alacres,

483 940 636 989 Tuique
666 941 762 977 vires
792 940 928 988 imperi

267 1008 338 1045 Per
368 1007 533 1056 populos
563 1007 636 1044 late
666 1006 844 1055 vulgant:
884 1018 933 1042 ne
962 1005 1092 1043 nescia
1121 1005 1256 1054 sceptri

428 1078 548 1115 Terra
578 1078 624 1114 sit
652 1077 727 1114 ulla
756 1077 820 1119 tui,

481 1142 531 1179 Et
559 1143 703 1191 gloriae
734 1148 770 1179 et
800 1141 1007 1190 potentiae.

267 1209 476 1257 Imperium
507 1209 587 1246 sine
621 1208 696 1245 fine
727 1208 839 1253 Tibi;
878 1219 950 1244 nec
980 1207 1128 1255 legibus
1158 1207 1238 1244 aevi

430 1273 770 1326 Subditasceptra
798 1280 918 1317 tenes,

482 1340 560 1376 Aut
589 1339 717 1376 clausa
745 1339 856 1376 metis
885 1345 1114 1386 temporum.

266 1405 329 1442 Tu
359 1406 489 1454 lapsos
518 1417 668 1442 rursum
699 1404 850 1449 attollis,
881 1403 1087 1452 firmasque
1115 1402 1313 1440 labantes:

426 1469 725 1518 Incolume-sque
756 1469 861 1506 foves

480 1534 593 1572 Vitae
621 1535 756 1572 beatae
788 1534 1016 1571 commodis.

267 1602 326 1639 Te
356 1602 554 1639 volucrum
585 1600 855 1649 pecudumque
884 1611 1017 1648 genuS‚
1049 1605 1086 1636 te
1116 1611 1227 1636 saeva
1257 1598 1422 1636 ferarum

429 1666 565 1704 Secula
594 1666 803 1715 respiciunt

483 1731 628 1777 Unum,
659 1742 807 1780 suoque
836 1737 1011 1778 ternpore

265 1799 472 1847 Accipiunt
500 1798 663 1834 victum:
703 1796 767 1833 Tu
796 1796 969 1833 dextram
1000 1796 1149 1845 pandis,
1180 1801 1216 1833 et
1246 1807 1362 1833 omne

427 1863 488 1900 De
518 1862 708 1911 locuplete
737 1874 839 1911 penu

482 1928 638 1965 Animal
666 1928 832 1976 benigne
861 1939 1019 1964 recreas.

267 1995 461 2043 Quicquid
491 1995 584 2042 agis,
612 1995 789 2043 justeque
819 2001 856 2030 ct
885 2001 1016 2031 sancte
1046 1993 1149 2042 agis:
1190 1993 1351 2043 impiger
1380 2005 1511 2031 aurem

430 2060 673 2109 Supplicibus
703 2059 851 2096 facilem

479 2125 669 2163 Praebes:
710 2125 872 2174 opisque
901 2130 1103 2174 compotes

266 2191 434 2228 Dimittis
463 2202 560 2239 puro
589 2191 653 2239 qui
682 2197 837 2240 pectore
867 2202 1033 2240 cumque
1061 2196 1287 2239 precantur:

428 2256 658 2304 Auxilioque
686 2256 759 2305 piis

484 2320 671 2359 Praesens
700 2333 751 2367 es,
783 2327 819 2358 ct
848 2320 1024 2370 periculis

1701 1855 1711 1868 μ

1722 2121 1725 2130 «
1721 2070 1727 2105 „...
1721 1868 1729 2057 ᾼ..-,-,-κ.«..
1722 1821 1726 1850 --
