1743 2844
267 294 341 319 100
674 288 845 320 POEMA
854 289 913 320 TA
950 290 1111 321 VARJA.

260 368 427 418 Ecquod
456 369 526 407 erit
554 375 717 420 tempus,
744 371 929 420 juvenum
959 371 1191 417 doctissime,
1221 383 1298 420 quo
1328 378 1365 409 te

314 434 408 472 Post
437 436 560 473 varios
591 448 702 473 casus
730 436 966 474 incolumem
995 437 1206 486 aspiciam?

258 499 349 545 Quo
378 501 446 538 tibi
475 502 667 550 praesenti
697 502 898 540 denarrem
926 502 1022 540 haec
1052 503 1183 540 omnia
1211 514 1405 552 praesens7

310 565 469 604 Laertae
499 574 540 604 ut
569 567 635 604 diti
665 567 763 604 filius
792 567 986 605 Alcinoo?

256 631 361 668 Tum
389 644 476 669 mea
505 632 698 670 solventur
729 633 916 670 diuturnis
946 640 1104 682 pectora
1133 634 1242 679 curis,

308 697 358 734 Et
387 709 497 734 mens
526 698 629 734 triste
659 709 771 734 suum
800 698 902 736 fessa
930 706 1092 748 reponet
1121 711 1232 737 onus.

254 761 347 799 Post
376 763 539 799 imbrem
569 763 665 800 coeli
695 763 811 801 facies
840 770 987 802 mutata
1015 766 1182 810 serescit‚

307 827 399 864 Post
428 828 595 865 hiemem
624 829 729 865 verni
758 830 940 878 temporis
970 829 1064 867 hora
1091 831 1203 867 venit.

253 892 319 929 Me
350 905 504 942 quoque
535 900 623 942 post
653 894 794 932 multos
824 895 915 932 olim
945 895 1098 932 fortuna
1126 896 1275 934 labores

305 957 482 996 Forsitan
511 958 614 996 haud
644 965 753 997 torvo
783 960 926 997 lumine
956 961 1142 1010 respiciet.

1214 1025 1400 1063 Muretus.

840 1281 921 1312 XX.

325 1393 376 1423 IN
415 1394 647 1425 EFFIGIEM
686 1393 979 1425 CROMWELLI
1016 1392 1211 1423 TABULA
1248 1392 1426 1424 PICTAM

451 1473 749 1504 CHRISTINAE
782 1471 1046 1503 SUECORUM
1084 1470 1299 1501 REGINAE

696 1551 829 1582 DONO
866 1550 1060 1581 MISSAM.

244 1634 479 1683 Bellipotens
508 1636 627 1683 virgo,
658 1642 807 1684 septem
837 1635 988 1684 Regina
1015 1635 1194 1679 trionum,

299 1699 500 1746 Christina‚
532 1700 665 1738 Arctoi
695 1700 821 1738 lucida
850 1701 956 1738 stella
985 1700 1087 1748 poli!

242 1765 388 1811 Cernis,
419 1778 514 1815 quas
543 1767 664 1803 merui
695 1766 788 1803 durs}
819 1767 889 1803 sub
920 1765 1068 1802 casside
1098 1777 1224 1814 rugas,

294 1831 423 1880 thue
453 1844 584 1873 senex,
616 1833 729 1868 armis
760 1832 934 1881 impiger,
964 1843 1031 1868 ora
1060 1838 1169 1867 tero:

243 1897 348 1933 Invia
378 1897 544 1934 satorum
574 1897 666 1934 dum
696 1909 764 1946 per
793 1897 953 1946 vestigia
983 1897 1094 1941 nitor,

294 1962 479 2012 Exequor
508 1968 544 2000 et
574 1963 707 2012 populi
737 1962 848 1999 fortia
874 1963 980 2012 jussa
1009 1973 1141 1999 manu.

240 2027 312 2064 Ast
342 2028 407 2064 tibi
437 2028 624 2065 submittit
653 2028 819 2065 frontem
848 2028 1078 2065 reverentior
1107 2028 1265 2073 umbra;

295 2093 378 2130 Nec
410 2100 497 2131 sunt
527 2093 564 2130 hi
594 2094 718 2131 vultus
748 2094 901 2142 regibus
930 2104 1051 2142 usque
1081 2098 1217 2130 truces.

1194 2157 1389 2195 Illz'llonus.
